%%%%%%%% HOD including sdss+boss clustering %%%%%%%%

@article{arz2014,
   author = {{Zentner}, A.~R. and {Hearin}, A.~P. and {van den Bosch}, F.~C.},
    title = "{Galaxy assembly bias: a significant source of systematic error in the galaxy-halo relationship}",
  journal = {\mnras},
archivePrefix = "arXiv",
   eprint = {1311.1818},
 keywords = {galaxies: evolution, galaxies: haloes, cosmology: theory, dark matter, large-scale structure of Universe},
     year = 2014,
    month = oct,
   volume = 443,
    pages = {3044-3067},
      doi = {10.1093/mnras/stu1383},
   adsurl = {http://adsabs.harvard.edu/abs/2014MNRAS.443.3044Z},
  adsnote = {Provided by the SAO/NASA Astrophysics Data System}
}

@article{seljak2000,
   author = {{Seljak}, U.},
    title = "{Analytic model for galaxy and dark matter clustering}",
  journal = {\mnras},
   eprint = {astro-ph/0001493},
 keywords = {GALAXIES: CLUSTERS: GENERAL, COSMOLOGY: THEORY, DARK MATTER},
     year = 2000,
    month = oct,
   volume = 318,
    pages = {203-213},
      doi = {10.1046/j.1365-8711.2000.03715.x},
   adsurl = {http://adsabs.harvard.edu/abs/2000MNRAS.318..203S},
  adsnote = {Provided by the SAO/NASA Astrophysics Data System}
}


@article{berlind_weinberg2002,
   author = {{Berlind}, A.~A. and {Weinberg}, D.~H.},
    title = "{The Halo Occupation Distribution: Toward an Empirical Determination of the Relation between Galaxies and Mass}",
  journal = {\apj},
   eprint = {astro-ph/0109001},
 keywords = {Cosmology: Theory, Galaxies: Formation, Cosmology: Large-Scale Structure of Universe, Methods: n-Body Simulations},
     year = 2002,
    month = aug,
   volume = 575,
    pages = {587-616},
      doi = {10.1086/341469},
   adsurl = {http://adsabs.harvard.edu/abs/2002ApJ...575..587B},
  adsnote = {Provided by the SAO/NASA Astrophysics Data System}
}

@article{scoccimarro2001,
   author = {{Scoccimarro}, R. and {Sheth}, R.~K. and {Hui}, L. and {Jain}, B.
	},
    title = "{How Many Galaxies Fit in a Halo? Constraints on Galaxy Formation Efficiency from Spatial Clustering}",
  journal = {\apj},
   eprint = {astro-ph/0006319},
 keywords = {Cosmology: Theory, Galaxies: Clusters: General, Cosmology: Large-Scale Structure of Universe},
     year = 2001,
    month = jan,
   volume = 546,
    pages = {20-34},
      doi = {10.1086/318261},
   adsurl = {http://adsabs.harvard.edu/abs/2001ApJ...546...20S},
  adsnote = {Provided by the SAO/NASA Astrophysics Data System}
}

@article{zheng2005,
   author = {{Zheng}, Z. and {Berlind}, A.~A. and {Weinberg}, D.~H. and {Benson}, A.~J. and 
	{Baugh}, C.~M. and {Cole}, S. and {Dav{\'e}}, R. and {Frenk}, C.~S. and 
	{Katz}, N. and {Lacey}, C.~G.},
    title = "{Theoretical Models of the Halo Occupation Distribution: Separating Central and Satellite Galaxies}",
  journal = {\apj},
   eprint = {astro-ph/0408564},
 keywords = {Cosmology: Theory, Galaxies: Formation, Galaxies: Halos, Cosmology: Large-Scale Structure of Universe},
     year = 2005,
    month = nov,
   volume = 633,
    pages = {791-809},
      doi = {10.1086/466510},
   adsurl = {http://adsabs.harvard.edu/abs/2005ApJ...633..791Z},
  adsnote = {Provided by the SAO/NASA Astrophysics Data System}
}

@article{zheng07,
   author = {{Zheng}, Z. and {Coil}, A.~L. and {Zehavi}, I.},
    title = "{Galaxy Evolution from Halo Occupation Distribution Modeling of DEEP2 and SDSS Galaxy Clustering}",
  journal = {\apj},
   eprint = {astro-ph/0703457},
 keywords = {Cosmology: Observations, Galaxies: Distances and Redshifts, Galaxies: Evolution, Galaxies: Halos, Galaxies: Statistics, Cosmology: Large-Scale Structure of Universe},
     year = 2007,
    month = oct,
   volume = 667,
    pages = {760-779},
      doi = {10.1086/521074},
   adsurl = {http://adsabs.harvard.edu/abs/2007ApJ...667..760Z},
  adsnote = {Provided by the SAO/NASA Astrophysics Data System}
}


@article{leauthaud11,
   author = {{Leauthaud}, A. and {Tinker}, J. and {Behroozi}, P.~S. and {Busha}, M.~T. and 
	{Wechsler}, R.~H.},
    title = "{A Theoretical Framework for Combining Techniques that Probe the Link Between Galaxies and Dark Matter}",
  journal = {\apj},
archivePrefix = "arXiv",
   eprint = {1103.2077},
 keywords = {cosmology: observations, dark matter, gravitational lensing: weak},
     year = 2011,
    month = sep,
   volume = 738,
      eid = {45},
    pages = {45},
      doi = {10.1088/0004-637X/738/1/45},
   adsurl = {http://adsabs.harvard.edu/abs/2011ApJ...738...45L},
  adsnote = {Provided by the SAO/NASA Astrophysics Data System}
}



@article{guo2015,
   author = {{Guo}, H. and {Zheng}, Z. and {Zehavi}, I. and {Behroozi}, P.~S. and 
	{Chuang}, C.-H. and {Comparat}, J. and {Favole}, G. and {Gottloeber}, S. and 
	{Klypin}, A. and {Prada}, F. and {Weinberg}, D.~H. and {Yepes}, G.
	},
    title = "{Redshift-space clustering of SDSS galaxies - luminosity dependence, halo occupation distribution, and velocity bias}",
  journal = {\mnras},
archivePrefix = "arXiv",
   eprint = {1505.07861},
 keywords = {galaxies: distances and redshifts, galaxies: haloes, galaxies: statistics, cosmology: observations, cosmology: theory, large-scale structure of Universe},
     year = 2015,
    month = nov,
   volume = 453,
    pages = {4368-4383},
      doi = {10.1093/mnras/stv1966},
   adsurl = {http://adsabs.harvard.edu/abs/2015MNRAS.453.4368G},
  adsnote = {Provided by the SAO/NASA Astrophysics Data System}
}

@article{hod_vs_sham,
   author = {{Guo}, H. and {Zheng}, Z. and {Behroozi}, P.~S. and {Zehavi}, I. and 
	{Chuang}, C.-H. and {Comparat}, J. and {Favole}, G. and {Gottloeber}, S. and 
	{Klypin}, A. and {Prada}, F. and {Rodr{\'{\i}}guez-Torres}, S.~A. and 
	{Weinberg}, D.~H. and {Yepes}, G.},
    title = "{Modelling galaxy clustering: halo occupation distribution versus subhalo matching}",
  journal = {\mnras},
archivePrefix = "arXiv",
   eprint = {1508.07012},
 keywords = {galaxies: distances and redshifts, galaxies: haloes, galaxies: statistics, cosmology: observations, cosmology: theory, large-scale structure of Universe},
     year = 2016,
    month = jul,
   volume = 459,
    pages = {3040-3058},
      doi = {10.1093/mnras/stw845},
   adsurl = {http://adsabs.harvard.edu/abs/2016MNRAS.459.3040G},
  adsnote = {Provided by the SAO/NASA Astrophysics Data System}
}

@article{zehavi2011,
   author = {{Zehavi}, I. and {Zheng}, Z. and {Weinberg}, D.~H. and {Blanton}, M.~R. and 
	{Bahcall}, N.~A. and {Berlind}, A.~A. and {Brinkmann}, J. and 
	{Frieman}, J.~A. and {Gunn}, J.~E. and {Lupton}, R.~H. and {Nichol}, R.~C. and 
	{Percival}, W.~J. and {Schneider}, D.~P. and {Skibba}, R.~A. and 
	{Strauss}, M.~A. and {Tegmark}, M. and {York}, D.~G.},
    title = "{Galaxy Clustering in the Completed SDSS Redshift Survey: The Dependence on Color and Luminosity}",
  journal = {\apj},
archivePrefix = "arXiv",
   eprint = {1005.2413},
 keywords = {cosmology: observations, cosmology: theory, galaxies: distances and redshifts, galaxies: halos, galaxies: statistics, large-scale structure of universe},
     year = 2011,
    month = jul,
   volume = 736,
      eid = {59},
    pages = {59},
      doi = {10.1088/0004-637X/736/1/59},
   adsurl = {http://adsabs.harvard.edu/abs/2011ApJ...736...59Z},
  adsnote = {Provided by the SAO/NASA Astrophysics Data System}
}

@ARTICLE{hod-3pcf,
   author = {{Guo}, H. and {Zheng}, Z. and {Jing}, Y.~P. and {Zehavi}, I. and 
	{Li}, C. and {Weinberg}, D.~H. and {Skibba}, R.~A. and {Nichol}, R.~C. and 
	{Rossi}, G. and {Sabiu}, C.~G. and {Schneider}, D.~P. and {McBride}, C.~K.
	},
    title = "{Modelling the redshift-space three-point correlation function in SDSS-III}",
  journal = {\mnras},
archivePrefix = "arXiv",
   eprint = {1409.7389},
 keywords = {galaxies: distances and redshifts, galaxies: haloes, galaxies: statistics, cosmology: observations, cosmology: theory, large-scale structure of Universe},
     year = 2015,
    month = apr,
   volume = 449,
    pages = {L95-L99},
      doi = {10.1093/mnrasl/slv020},
   adsurl = {http://adsabs.harvard.edu/abs/2015MNRAS.449L..95G},
  adsnote = {Provided by the SAO/NASA Astrophysics Data System}
}



%%%%%%%% CLF %%%%%%%

@ARTICLE{york2000,
   author = {{York}, D.~G. and {Adelman}, J. and {Anderson}, Jr., J.~E. and 
	{Anderson}, S.~F. and {Annis}, J. and {Bahcall}, N.~A. and {Bakken}, J.~A. and 
	{Barkhouser}, R. and {Bastian}, S. and {Berman}, E. and {Boroski}, W.~N. and 
	{Bracker}, S. and {Briegel}, C. and {Briggs}, J.~W. and {Brinkmann}, J. and 
	{Brunner}, R. and {Burles}, S. and {Carey}, L. and {Carr}, M.~A. and 
	{Castander}, F.~J. and {Chen}, B. and {Colestock}, P.~L. and 
	{Connolly}, A.~J. and {Crocker}, J.~H. and {Csabai}, I. and 
	{Czarapata}, P.~C. and {Davis}, J.~E. and {Doi}, M. and {Dombeck}, T. and 
	{Eisenstein}, D. and {Ellman}, N. and {Elms}, B.~R. and {Evans}, M.~L. and 
	{Fan}, X. and {Federwitz}, G.~R. and {Fiscelli}, L. and {Friedman}, S. and 
	{Frieman}, J.~A. and {Fukugita}, M. and {Gillespie}, B. and 
	{Gunn}, J.~E. and {Gurbani}, V.~K. and {de Haas}, E. and {Haldeman}, M. and 
	{Harris}, F.~H. and {Hayes}, J. and {Heckman}, T.~M. and {Hennessy}, G.~S. and 
	{Hindsley}, R.~B. and {Holm}, S. and {Holmgren}, D.~J. and {Huang}, C.-h. and 
	{Hull}, C. and {Husby}, D. and {Ichikawa}, S.-I. and {Ichikawa}, T. and 
	{Ivezi{\'c}}, {\v Z}. and {Kent}, S. and {Kim}, R.~S.~J. and 
	{Kinney}, E. and {Klaene}, M. and {Kleinman}, A.~N. and {Kleinman}, S. and 
	{Knapp}, G.~R. and {Korienek}, J. and {Kron}, R.~G. and {Kunszt}, P.~Z. and 
	{Lamb}, D.~Q. and {Lee}, B. and {Leger}, R.~F. and {Limmongkol}, S. and 
	{Lindenmeyer}, C. and {Long}, D.~C. and {Loomis}, C. and {Loveday}, J. and 
	{Lucinio}, R. and {Lupton}, R.~H. and {MacKinnon}, B. and {Mannery}, E.~J. and 
	{Mantsch}, P.~M. and {Margon}, B. and {McGehee}, P. and {McKay}, T.~A. and 
	{Meiksin}, A. and {Merelli}, A. and {Monet}, D.~G. and {Munn}, J.~A. and 
	{Narayanan}, V.~K. and {Nash}, T. and {Neilsen}, E. and {Neswold}, R. and 
	{Newberg}, H.~J. and {Nichol}, R.~C. and {Nicinski}, T. and 
	{Nonino}, M. and {Okada}, N. and {Okamura}, S. and {Ostriker}, J.~P. and 
	{Owen}, R. and {Pauls}, A.~G. and {Peoples}, J. and {Peterson}, R.~L. and 
	{Petravick}, D. and {Pier}, J.~R. and {Pope}, A. and {Pordes}, R. and 
	{Prosapio}, A. and {Rechenmacher}, R. and {Quinn}, T.~R. and 
	{Richards}, G.~T. and {Richmond}, M.~W. and {Rivetta}, C.~H. and 
	{Rockosi}, C.~M. and {Ruthmansdorfer}, K. and {Sandford}, D. and 
	{Schlegel}, D.~J. and {Schneider}, D.~P. and {Sekiguchi}, M. and 
	{Sergey}, G. and {Shimasaku}, K. and {Siegmund}, W.~A. and {Smee}, S. and 
	{Smith}, J.~A. and {Snedden}, S. and {Stone}, R. and {Stoughton}, C. and 
	{Strauss}, M.~A. and {Stubbs}, C. and {SubbaRao}, M. and {Szalay}, A.~S. and 
	{Szapudi}, I. and {Szokoly}, G.~P. and {Thakar}, A.~R. and {Tremonti}, C. and 
	{Tucker}, D.~L. and {Uomoto}, A. and {Vanden Berk}, D. and {Vogeley}, M.~S. and 
	{Waddell}, P. and {Wang}, S.-i. and {Watanabe}, M. and {Weinberg}, D.~H. and 
	{Yanny}, B. and {Yasuda}, N. and {SDSS Collaboration}},
    title = "{The Sloan Digital Sky Survey: Technical Summary}",
  journal = {\aj},
   eprint = {astro-ph/0006396},
 keywords = {Cosmology: Observations, Instrumentation: Miscellaneous},
     year = 2000,
    month = sep,
   volume = 120,
    pages = {1579-1587},
      doi = {10.1086/301513},
   adsurl = {http://adsabs.harvard.edu/abs/2000AJ....120.1579Y},
  adsnote = {Provided by the SAO/NASA Astrophysics Data System}
}


%%%%%%%% CLF %%%%%%%



%%%%%%%% HOD COSMO %%%%%%%%

@article{abazajian2005,
   author = {{Abazajian}, K. and {Zheng}, Z. and {Zehavi}, I. and {Weinberg}, D.~H. and 
	{Frieman}, J.~A. and {Berlind}, A.~A. and {Blanton}, M.~R. and 
	{Bahcall}, N.~A. and {Brinkmann}, J. and {Schneider}, D.~P. and 
	{Tegmark}, M.},
    title = "{Cosmology and the Halo Occupation Distribution from Small-Scale Galaxy Clustering in the Sloan Digital Sky Survey}",
  journal = {\apj},
   eprint = {astro-ph/0408003},
 keywords = {Cosmology: Observations, Cosmology: Theory, Galaxies: Formation, Galaxies: Halos},
     year = 2005,
    month = jun,
   volume = 625,
    pages = {613-620},
      doi = {10.1086/429685},
   adsurl = {http://adsabs.harvard.edu/abs/2005ApJ...625..613A},
  adsnote = {Provided by the SAO/NASA Astrophysics Data System}
}


@article{cacciato13,
   author = {{Cacciato}, M. and {van den Bosch}, F.~C. and {More}, S. and 
	{Mo}, H. and {Yang}, X.},
    title = "{Cosmological constraints from a combination of galaxy clustering and lensing - III. Application to SDSS data}",
  journal = {\mnras},
archivePrefix = "arXiv",
   eprint = {1207.0503},
 keywords = {gravitational lensing: weak, methods: statistical, galaxies: haloes, cosmological parameters, dark matter, large-scale structure of Universe},
     year = 2013,
    month = apr,
   volume = 430,
    pages = {767-786},
      doi = {10.1093/mnras/sts525},
   adsurl = {http://adsabs.harvard.edu/abs/2013MNRAS.430..767C},
  adsnote = {Provided by the SAO/NASA Astrophysics Data System}
}

@article{tinker05,
   author = {{Tinker}, J.~L. and {Weinberg}, D.~H. and {Zheng}, Z. and {Zehavi}, I.
	},
    title = "{On the Mass-to-Light Ratio of Large-Scale Structure}",
  journal = {\apj},
   eprint = {astro-ph/0411777},
 keywords = {Cosmology: Observations, Cosmology: Theory, Galaxies: Clusters: General, Cosmology: Large-Scale Structure of Universe},
     year = 2005,
    month = sep,
   volume = 631,
    pages = {41-58},
      doi = {10.1086/432084},
   adsurl = {http://adsabs.harvard.edu/abs/2005ApJ...631...41T},
  adsnote = {Provided by the SAO/NASA Astrophysics Data System}
}

@article{vdb03,
   author = {{van den Bosch}, F.~C. and {Mo}, H.~J. and {Yang}, X.},
    title = "{Towards cosmological concordance on galactic scales}",
  journal = {\mnras},
   eprint = {astro-ph/0301104},
 keywords = {galaxies: formation, galaxies: haloes, cosmological parameters, cosmology: theory, dark matter, large-scale structure of Universe},
     year = 2003,
    month = nov,
   volume = 345,
    pages = {923-938},
      doi = {10.1046/j.1365-8711.2003.07012.x},
   adsurl = {http://adsabs.harvard.edu/abs/2003MNRAS.345..923V},
  adsnote = {Provided by the SAO/NASA Astrophysics Data System}
}

@article{more13,
   author = {{More}, S. and {van den Bosch}, F.~C. and {Cacciato}, M. and 
	{More}, A. and {Mo}, H. and {Yang}, X.},
    title = "{Cosmological constraints from a combination of galaxy clustering and lensing - II. Fisher matrix analysis}",
  journal = {\mnras},
archivePrefix = "arXiv",
   eprint = {1207.0004},
 keywords = {methods: statistical, galaxies: haloes, galaxies: structure, cosmological parameters, dark energy, dark matter},
     year = 2013,
    month = apr,
   volume = 430,
    pages = {747-766},
      doi = {10.1093/mnras/sts697},
   adsurl = {http://adsabs.harvard.edu/abs/2013MNRAS.430..747M},
  adsnote = {Provided by the SAO/NASA Astrophysics Data System}
}


@article{miyatake15,
   author = {{Miyatake}, H. and {More}, S. and {Mandelbaum}, R. and {Takada}, M. and 
	{Spergel}, D.~N. and {Kneib}, J.-P. and {Schneider}, D.~P. and 
	{Brinkmann}, J. and {Brownstein}, J.~R.},
    title = "{The Weak Lensing Signal and the Clustering of BOSS Galaxies. I. Measurements}",
  journal = {\apj},
archivePrefix = "arXiv",
   eprint = {1311.1480},
 keywords = {cosmology: observations, galaxies: halos, gravitational lensing: weak, large-scale structure of universe},
     year = 2015,
    month = jun,
   volume = 806,
      eid = {1},
    pages = {1},
      doi = {10.1088/0004-637X/806/1/1},
   adsurl = {http://adsabs.harvard.edu/abs/2015ApJ...806....1M},
  adsnote = {Provided by the SAO/NASA Astrophysics Data System}
}

@article{vdb13,
   author = {{van den Bosch}, F.~C. and {More}, S. and {Cacciato}, M. and 
	{Mo}, H. and {Yang}, X.},
    title = "{Cosmological constraints from a combination of galaxy clustering and lensing - I. Theoretical framework}",
  journal = {\mnras},
archivePrefix = "arXiv",
   eprint = {1206.6890},
 keywords = {methods: statistical, galaxies: haloes, cosmological parameters, dark matter, large-scale structure of Universe},
     year = 2013,
    month = apr,
   volume = 430,
    pages = {725-746},
      doi = {10.1093/mnras/sts006},
   adsurl = {http://adsabs.harvard.edu/abs/2013MNRAS.430..725V},
  adsnote = {Provided by the SAO/NASA Astrophysics Data System}
}

@article{tinker2012,
   author = {{Tinker}, J.~L. and {Sheldon}, E.~S. and {Wechsler}, R.~H. and 
	{Becker}, M.~R. and {Rozo}, E. and {Zu}, Y. and {Weinberg}, D.~H. and 
	{Zehavi}, I. and {Blanton}, M.~R. and {Busha}, M.~T. and {Koester}, B.~P.
	},
    title = "{Cosmological Constraints from Galaxy Clustering and the Mass-to-number Ratio of Galaxy Clusters}",
  journal = {\apj},
archivePrefix = "arXiv",
   eprint = {1104.1635},
 keywords = {cosmological parameters, galaxies: clusters: general, galaxies: halos, large-scale structure of universe},
     year = 2012,
    month = jan,
   volume = 745,
      eid = {16},
    pages = {16},
      doi = {10.1088/0004-637X/745/1/16},
   adsurl = {http://adsabs.harvard.edu/abs/2012ApJ...745...16T},
  adsnote = {Provided by the SAO/NASA Astrophysics Data System}
}

@article{tinker_rsd2007,
   author = {{Tinker}, J.~L.},
    title = "{Redshift-space distortions with the halo occupation distribution - II. Analytic model}",
  journal = {\mnras},
   eprint = {astro-ph/0604217},
 keywords = {galaxies: cluster: general, cosmology: theory, large-scale structure of Universe},
     year = 2007,
    month = jan,
   volume = 374,
    pages = {477-492},
      doi = {10.1111/j.1365-2966.2006.11157.x},
   adsurl = {http://adsabs.harvard.edu/abs/2007MNRAS.374..477T},
  adsnote = {Provided by the SAO/NASA Astrophysics Data System}
}

@article{more15,
   author = {{More}, S. and {Miyatake}, H. and {Mandelbaum}, R. and {Takada}, M. and 
	{Spergel}, D.~N. and {Brownstein}, J.~R. and {Schneider}, D.~P.
	},
    title = "{The Weak Lensing Signal and the Clustering of BOSS Galaxies. II. Astrophysical and Cosmological Constraints}",
  journal = {\apj},
archivePrefix = "arXiv",
   eprint = {1407.1856},
 keywords = {cosmological parameters, cosmology: observations, cosmology: theory, dark matter, gravitational lensing: weak, large-scale structure of universe},
     year = 2015,
    month = jun,
   volume = 806,
      eid = {2},
    pages = {2},
      doi = {10.1088/0004-637X/806/1/2},
   adsurl = {http://adsabs.harvard.edu/abs/2015ApJ...806....2M},
  adsnote = {Provided by the SAO/NASA Astrophysics Data System}
}



%%%%%% SHAM %%%%%%

@ARTICLE{kravtsov2004,
   author = {{Kravtsov}, A.~V. and {Berlind}, A.~A. and {Wechsler}, R.~H. and 
	{Klypin}, A.~A. and {Gottl{\"o}ber}, S. and {Allgood}, B. and 
	{Primack}, J.~R.},
    title = "{The Dark Side of the Halo Occupation Distribution}",
  journal = {\apj},
   eprint = {astro-ph/0308519},
 keywords = {Cosmology: Theory, Galaxies: Formation, Galaxies: Halos, Cosmology: Large-Scale Structure of Universe, Methods: Numerical},
     year = 2004,
    month = jul,
   volume = 609,
    pages = {35-49},
      doi = {10.1086/420959},
   adsurl = {http://adsabs.harvard.edu/abs/2004ApJ...609...35K},
  adsnote = {Provided by the SAO/NASA Astrophysics Data System}
}

@ARTICLE{vale2004,
   author = {{Vale}, A. and {Ostriker}, J.~P.},
    title = "{Linking halo mass to galaxy luminosity}",
  journal = {\mnras},
   eprint = {astro-ph/0402500},
 keywords = {galaxies: haloes, cosmology: theory, dark matter, large-scale structure of Universe},
     year = 2004,
    month = sep,
   volume = 353,
    pages = {189-200},
      doi = {10.1111/j.1365-2966.2004.08059.x},
   adsurl = {http://adsabs.harvard.edu/abs/2004MNRAS.353..189V},
  adsnote = {Provided by the SAO/NASA Astrophysics Data System}
}

@ARTICLE{tasitsiomi2004,
   author = {{Tasitsiomi}, A. and {Kravtsov}, A.~V. and {Wechsler}, R.~H. and 
	{Primack}, J.~R.},
    title = "{Modeling Galaxy-Mass Correlations in Dissipationless Simulations}",
  journal = {\apj},
   eprint = {astro-ph/0404168},
 keywords = {Cosmology: Theory, Galaxies: Formation, Galaxies: Halos, Cosmology: Large-Scale Structure of Universe},
     year = 2004,
    month = oct,
   volume = 614,
    pages = {533-546},
      doi = {10.1086/423784},
   adsurl = {http://adsabs.harvard.edu/abs/2004ApJ...614..533T},
  adsnote = {Provided by the SAO/NASA Astrophysics Data System}
}

@ARTICLE{conroy2009,
   author = {{Conroy}, C. and {Wechsler}, R.~H.},
    title = "{Connecting Galaxies, Halos, and Star Formation Rates Across Cosmic Time}",
  journal = {\apj},
archivePrefix = "arXiv",
   eprint = {0805.3346},
 keywords = {cosmology: theory, dark matter, galaxies: formation, galaxies: halos, large-scale structure of universe},
     year = 2009,
    month = may,
   volume = 696,
    pages = {620-635},
      doi = {10.1088/0004-637X/696/1/620},
   adsurl = {http://adsabs.harvard.edu/abs/2009ApJ...696..620C},
  adsnote = {Provided by the SAO/NASA Astrophysics Data System}
}

@ARTICLE{guo2010,
   author = {{Guo}, Q. and {White}, S. and {Li}, C. and {Boylan-Kolchin}, M.
	},
    title = "{How do galaxies populate dark matter haloes?}",
  journal = {\mnras},
archivePrefix = "arXiv",
   eprint = {0909.4305},
 primaryClass = "astro-ph.CO",
 keywords = {galaxies: haloes, galaxies: luminosity function, mass function, cosmology: theory, dark matter, large-scale structure of Universe},
     year = 2010,
    month = may,
   volume = 404,
    pages = {1111-1120},
      doi = {10.1111/j.1365-2966.2010.16341.x},
   adsurl = {http://adsabs.harvard.edu/abs/2010MNRAS.404.1111G},
  adsnote = {Provided by the SAO/NASA Astrophysics Data System}
}

@ARTICLE{Neisten2011,
   author = {{Neistein}, E. and {Weinmann}, S.~M. and {Li}, C. and {Boylan-Kolchin}, M.
	},
    title = "{Linking haloes to galaxies: how many halo properties are needed?}",
  journal = {\mnras},
archivePrefix = "arXiv",
   eprint = {1011.2492},
 primaryClass = "astro-ph.CO",
 keywords = {galaxies: abundances, galaxies: evolution, galaxies: formation, galaxies: haloes, galaxies: statistics, large-scale structure of Universe},
     year = 2011,
    month = jun,
   volume = 414,
    pages = {1405-1417},
      doi = {10.1111/j.1365-2966.2011.18473.x},
   adsurl = {http://adsabs.harvard.edu/abs/2011MNRAS.414.1405N},
  adsnote = {Provided by the SAO/NASA Astrophysics Data System}
}


@ARTICLE{watson2012,
   author = {{Watson}, D.~F. and {Berlind}, A.~A. and {Zentner}, A.~R.},
    title = "{Constraining Satellite Galaxy Stellar Mass Loss and Predicting Intrahalo Light. I. Framework and Results at Low Redshift}",
  journal = {\apj},
archivePrefix = "arXiv",
   eprint = {1201.2407},
 keywords = {cosmology: theory, dark matter, galaxies: halos, galaxies: structure, large-scale structure of Universe},
     year = 2012,
    month = aug,
   volume = 754,
      eid = {90},
    pages = {90},
      doi = {10.1088/0004-637X/754/2/90},
   adsurl = {http://adsabs.harvard.edu/abs/2012ApJ...754...90W},
  adsnote = {Provided by the SAO/NASA Astrophysics Data System}
}

@ARTICLE{rodriguez2012,
   author = {{Rodr{\'{\i}}guez-Puebla}, A. and {Drory}, N. and {Avila-Reese}, V.
	},
    title = "{The Stellar-Subhalo Mass Relation of Satellite Galaxies}",
  journal = {\apj},
archivePrefix = "arXiv",
   eprint = {1204.0804},
 keywords = {dark matter, galaxies: abundances, galaxies: evolution, galaxies: halos, galaxies: luminosity function, mass function, galaxies: statistics},
     year = 2012,
    month = sep,
   volume = 756,
      eid = {2},
    pages = {2},
      doi = {10.1088/0004-637X/756/1/2},
   adsurl = {http://adsabs.harvard.edu/abs/2012ApJ...756....2R},
  adsnote = {Provided by the SAO/NASA Astrophysics Data System}
}
@ARTICLE{kravstov2013,
   author = {{Kravtsov}, A.~V.},
    title = "{The Size-Virial Radius Relation of Galaxies}",
  journal = {\apjl},
archivePrefix = "arXiv",
   eprint = {1212.2980},
 keywords = {galaxies: formation, galaxies: halos, galaxies: structure },
     year = 2013,
    month = feb,
   volume = 764,
      eid = {L31},
    pages = {L31},
      doi = {10.1088/2041-8205/764/2/L31},
   adsurl = {http://adsabs.harvard.edu/abs/2013ApJ...764L..31K},
  adsnote = {Provided by the SAO/NASA Astrophysics Data System}
}

@article{lehman2015,
   author = {{Lehmann}, B.~V. and {Mao}, Y.-Y. and {Becker}, M.~R. and {Skillman}, S.~W. and 
	{Wechsler}, R.~H.},
    title = "{The Concentration Dependence of the Galaxy-Halo Connection: Modeling Assembly Bias with Abundance Matching}",
  journal = {ArXiv e-prints},
archivePrefix = "arXiv",
   eprint = {1510.05651},
 keywords = {Astrophysics - Cosmology and Nongalactic Astrophysics, Astrophysics - Astrophysics of Galaxies},
     year = 2015,
    month = oct,
   adsurl = {http://adsabs.harvard.edu/abs/2015arXiv151005651L},
  adsnote = {Provided by the SAO/NASA Astrophysics Data System}
}

@article{mao2015,
   author = {{Mao}, Y.-Y. and {Williamson}, M. and {Wechsler}, R.~H.},
    title = "{The Dependence of Subhalo Abundance on Halo Concentration}",
  journal = {\apj},
archivePrefix = "arXiv",
   eprint = {1503.02637},
 keywords = {dark matter, galaxies: halos, methods: analytical, methods: numerical},
     year = 2015,
    month = sep,
   volume = 810,
      eid = {21},
    pages = {21},
      doi = {10.1088/0004-637X/810/1/21},
   adsurl = {http://adsabs.harvard.edu/abs/2015ApJ...810...21M},
  adsnote = {Provided by the SAO/NASA Astrophysics Data System}
}

@ARTICLE{reddick2013,
   author = {{Reddick}, R.~M. and {Wechsler}, R.~H. and {Tinker}, J.~L. and 
	{Behroozi}, P.~S.},
    title = "{The Connection between Galaxies and Dark Matter Structures in the Local Universe}",
  journal = {\apj},
archivePrefix = "arXiv",
   eprint = {1207.2160},
 primaryClass = "astro-ph.CO",
 keywords = {dark matter, galaxies: formation, galaxies: groups: general, galaxies: halos, large-scale structure of universe, methods: statistical },
     year = 2013,
    month = jul,
   volume = 771,
      eid = {30},
    pages = {30},
      doi = {10.1088/0004-637X/771/1/30},
   adsurl = {http://adsabs.harvard.edu/abs/2013ApJ...771...30R},
  adsnote = {Provided by the SAO/NASA Astrophysics Data System}
}

@ARTICLE{chavez2016,
   author = {{Chaves-Montero}, J. and {Angulo}, R.~E. and {Schaye}, J. and 
	{Schaller}, M. and {Crain}, R.~A. and {Furlong}, M. and {Theuns}, T.
	},
    title = "{Subhalo abundance matching and assembly bias in the EAGLE simulation}",
  journal = {\mnras},
archivePrefix = "arXiv",
   eprint = {1507.01948},
 keywords = {large-scale structure of the Universe, dark matter, galaxies: haloes, galaxies: formation, galaxies: evolution},
     year = 2016,
    month = may,
      doi = {10.1093/mnras/stw1225},
   adsurl = {http://adsabs.harvard.edu/abs/2016MNRAS.tmp..893C},
  adsnote = {Provided by the SAO/NASA Astrophysics Data System}
}


@ARTICLE{sham_gmf,
   author = {{Hearin}, A.~P. and {Zentner}, A.~R. and {Berlind}, A.~A. and 
	{Newman}, J.~A.},
    title = "{SHAM beyond clustering: new tests of galaxy-halo abundance matching with galaxy groups}",
  journal = {\mnras},
archivePrefix = "arXiv",
   eprint = {1210.4927},
 keywords = {galaxies: evolution, galaxies: structure, cosmology: theory},
     year = 2013,
    month = jul,
   volume = 433,
    pages = {659-680},
      doi = {10.1093/mnras/stt755},
   adsurl = {http://adsabs.harvard.edu/abs/2013MNRAS.433..659H},
  adsnote = {Provided by the SAO/NASA Astrophysics Data System}
}
%%%%%% AGE MATCHING %%%%%%%

@ARTICLE{hw2013,
   author = {{Hearin}, A.~P. and {Watson}, D.~F.},
    title = "{The dark side of galaxy colour}",
  journal = {\mnras},
archivePrefix = "arXiv",
   eprint = {1304.5557},
 keywords = {galaxies: evolution, galaxies: haloes, cosmology: theory, dark matter, large-scale structure of Universe},
     year = 2013,
    month = oct,
   volume = 435,
    pages = {1313-1324},
      doi = {10.1093/mnras/stt1374},
   adsurl = {http://adsabs.harvard.edu/abs/2013MNRAS.435.1313H},
  adsnote = {Provided by the SAO/NASA Astrophysics Data System}
}


@article{hearin2014,
   author = {{Hearin}, A.~P. and {Watson}, D.~F. and {Becker}, M.~R. and 
	{Reyes}, R. and {Berlind}, A.~A. and {Zentner}, A.~R.},
    title = "{The dark side of galaxy colour: evidence from new SDSS measurements of galaxy clustering and lensing}",
  journal = {\mnras},
archivePrefix = "arXiv",
   eprint = {1310.6747},
 keywords = {galaxies: evolution, galaxies: haloes, cosmology: theory, dark matter, large-scale structure of universe},
     year = 2014,
    month = oct,
   volume = 444,
    pages = {729-743},
      doi = {10.1093/mnras/stu1443},
   adsurl = {http://adsabs.harvard.edu/abs/2014MNRAS.444..729H},
  adsnote = {Provided by the SAO/NASA Astrophysics Data System}
}


%%%%%%% HALO ASSEMBLY %%%%%%%%

@article{sheth2004,
   author = {{Sheth}, R.~K. and {Tormen}, G.},
    title = "{On the environmental dependence of halo formation}",
  journal = {\mnras},
   eprint = {astro-ph/0402237},
 keywords = {galaxies: clusters: general, cosmology: theory, dark matter},
     year = 2004,
    month = jun,
   volume = 350,
    pages = {1385-1390},
      doi = {10.1111/j.1365-2966.2004.07733.x},
   adsurl = {http://adsabs.harvard.edu/abs/2004MNRAS.350.1385S},
  adsnote = {Provided by the SAO/NASA Astrophysics Data System}
}

@article{weschler2006,
   author = {{Wechsler}, R.~H. and {Zentner}, A.~R. and {Bullock}, J.~S. and 
	{Kravtsov}, A.~V. and {Allgood}, B.},
    title = "{The Dependence of Halo Clustering on Halo Formation History, Concentration, and Occupation}",
  journal = {\apj},
   eprint = {astro-ph/0512416},
 keywords = {Cosmology: Theory, Cosmology: Dark Matter, Galaxies: Formation, Galaxies: Halos, Cosmology: Large-Scale Structure of Universe, Methods: Numerical},
     year = 2006,
    month = nov,
   volume = 652,
    pages = {71-84},
      doi = {10.1086/507120},
   adsurl = {http://adsabs.harvard.edu/abs/2006ApJ...652...71W},
  adsnote = {Provided by the SAO/NASA Astrophysics Data System}
}

@ARTICLE{gao2005,
   author = {{Gao}, L. and {Springel}, V. and {White}, S.~D.~M.},
    title = "{The age dependence of halo clustering}",
  journal = {\mnras},
   eprint = {astro-ph/0506510},
 keywords = {methods: N-body simulations, methods: numerical, galaxies: clusters: general, galaxies: haloes, dark matter},
     year = 2005,
    month = oct,
   volume = 363,
    pages = {L66-L70},
      doi = {10.1111/j.1745-3933.2005.00084.x},
   adsurl = {http://adsabs.harvard.edu/abs/2005MNRAS.363L..66G},
  adsnote = {Provided by the SAO/NASA Astrophysics Data System}
}

@article{gao2007,
   author = {{Gao}, L. and {White}, S.~D.~M.},
    title = "{Assembly bias in the clustering of dark matter haloes}",
  journal = {\mnras},
   eprint = {astro-ph/0611921},
 keywords = {methods: N-body simulations, methods: numerical, galaxies: haloes, galaxies: clustering, dark matter},
     year = 2007,
    month = apr,
   volume = 377,
    pages = {L5-L9},
      doi = {10.1111/j.1745-3933.2007.00292.x},
   adsurl = {http://adsabs.harvard.edu/abs/2007MNRAS.377L...5G},
  adsnote = {Provided by the SAO/NASA Astrophysics Data System}
}

@ARTICLE{harker2006,
   author = {{Harker}, G. and {Cole}, S. and {Helly}, J. and {Frenk}, C. and 
	{Jenkins}, A.},
    title = "{A marked correlation function analysis of halo formation times in the Millennium Simulation}",
  journal = {\mnras},
   eprint = {astro-ph/0510488},
 keywords = {galaxies: formation, galaxies: haloes, cosmology: theory, dark matter},
     year = 2006,
    month = apr,
   volume = 367,
    pages = {1039-1049},
      doi = {10.1111/j.1365-2966.2006.10022.x},
   adsurl = {http://adsabs.harvard.edu/abs/2006MNRAS.367.1039H},
  adsnote = {Provided by the SAO/NASA Astrophysics Data System}
}

@ARTICLE{li2008,
   author = {{Li}, Y. and {Mo}, H.~J. and {Gao}, L.},
    title = "{On halo formation times and assembly bias}",
  journal = {\mnras},
archivePrefix = "arXiv",
   eprint = {0803.2250},
 keywords = {galaxies: formation , galaxies: haloes , cosmology: theory , dark matter},
     year = 2008,
    month = sep,
   volume = 389,
    pages = {1419-1426},
      doi = {10.1111/j.1365-2966.2008.13667.x},
   adsurl = {http://adsabs.harvard.edu/abs/2008MNRAS.389.1419L},
  adsnote = {Provided by the SAO/NASA Astrophysics Data System}
}

@article{angulo2008,
   author = {{Angulo}, R.~E. and {Baugh}, C.~M. and {Lacey}, C.~G.},
    title = "{The assembly bias of dark matter haloes to higher orders}",
  journal = {\mnras},
archivePrefix = "arXiv",
   eprint = {0712.2280},
 keywords = {methods: numerical , galaxies: haloes , cosmology: theory , dark matter},
     year = 2008,
    month = jun,
   volume = 387,
    pages = {921-932},
      doi = {10.1111/j.1365-2966.2008.13304.x},
   adsurl = {http://adsabs.harvard.edu/abs/2008MNRAS.387..921A},
  adsnote = {Provided by the SAO/NASA Astrophysics Data System}
}

@ARTICLE{wang2007,
   author = {{Wang}, H.~Y. and {Mo}, H.~J. and {Jing}, Y.~P.},
    title = "{Environmental dependence of cold dark matter halo formation}",
  journal = {\mnras},
   eprint = {astro-ph/0608690},
 keywords = {methods: statistical , galaxies: haloes , dark matter , large-scale structure of Universe},
     year = 2007,
    month = feb,
   volume = 375,
    pages = {633-639},
      doi = {10.1111/j.1365-2966.2006.11316.x},
   adsurl = {http://adsabs.harvard.edu/abs/2007MNRAS.375..633W},
  adsnote = {Provided by the SAO/NASA Astrophysics Data System}
}


@ARTICLE{dalal2008,
   author = {{Dalal}, N. and {White}, M. and {Bond}, J.~R. and {Shirokov}, A.
	},
    title = "{Halo Assembly Bias in Hierarchical Structure Formation}",
  journal = {\apj},
archivePrefix = "arXiv",
   eprint = {0803.3453},
 keywords = {cosmology: theory, dark matter, large-scale structure of universe, methods: numerical },
     year = 2008,
    month = nov,
   volume = 687,
      eid = {12-21},
    pages = {12-21},
      doi = {10.1086/591512},
   adsurl = {http://adsabs.harvard.edu/abs/2008ApJ...687...12D},
  adsnote = {Provided by the SAO/NASA Astrophysics Data System}
}


@article{sunayama2016,
   author = {{Sunayama}, T. and {Hearin}, A.~P. and {Padmanabhan}, N. and 
	{Leauthaud}, A.},
    title = "{The scale-dependence of halo assembly bias}",
  journal = {\mnras},
archivePrefix = "arXiv",
   eprint = {1509.06417},
 keywords = {galaxies: haloes, cosmology: theory, dark matter, large-scale structure of Universe},
     year = 2016,
    month = may,
   volume = 458,
    pages = {1510-1516},
      doi = {10.1093/mnras/stw332},
   adsurl = {http://adsabs.harvard.edu/abs/2016MNRAS.458.1510S},
  adsnote = {Provided by the SAO/NASA Astrophysics Data System}
}

@ARTICLE{miyatake2016,
   author = {{Miyatake}, H. and {More}, S. and {Takada}, M. and {Spergel}, D.~N. and 
	{Mandelbaum}, R. and {Rykoff}, E.~S. and {Rozo}, E.},
    title = "{Evidence of Halo Assembly Bias in Massive Clusters}",
  journal = {Physical Review Letters},
archivePrefix = "arXiv",
   eprint = {1506.06135},
     year = 2016,
    month = jan,
   volume = 116,
   number = 4,
      eid = {041301},
    pages = {041301},
      doi = {10.1103/PhysRevLett.116.041301},
   adsurl = {http://adsabs.harvard.edu/abs/2016PhRvL.116d1301M},
  adsnote = {Provided by the SAO/NASA Astrophysics Data System}
}

@article{More2016,
   author = {{More}, S. and {Miyatake}, H. and {Takada}, M. and {Diemer}, B. and 
	{Kravtsov}, A.~V. and {Dalal}, N.~K. and {More}, A. and {Murata}, R. and 
	{Mandelbaum}, R. and {Rozo}, E. and {Rykoff}, E.~S. and {Oguri}, M. and 
	{Spergel}, D.~N.},
    title = "{Detection of the Splashback Radius and Halo Assembly bias of Massive Galaxy Clusters}",
  journal = {ArXiv e-prints},
archivePrefix = "arXiv",
   eprint = {1601.06063},
 keywords = {Astrophysics - Cosmology and Nongalactic Astrophysics},
     year = 2016,
    month = jan,
   adsurl = {http://adsabs.harvard.edu/abs/2016arXiv160106063M},
  adsnote = {Provided by the SAO/NASA Astrophysics Data System}
}

%%%%%%% GALAXY ASSEMBLY %%%%%%%

@ARTICLE{croton2007,
   author = {{Croton}, D.~J. and {Gao}, L. and {White}, S.~D.~M.},
    title = "{Halo assembly bias and its effects on galaxy clustering}",
  journal = {\mnras},
   eprint = {astro-ph/0605636},
 keywords = {galaxies: evolution, galaxies: statistics, cosmology: theory., large-scale structure of Universe},
     year = 2007,
    month = feb,
   volume = 374,
    pages = {1303-1309},
      doi = {10.1111/j.1365-2966.2006.11230.x},
   adsurl = {http://adsabs.harvard.edu/abs/2007MNRAS.374.1303C},
  adsnote = {Provided by the SAO/NASA Astrophysics Data System}
}


@ARTICLE{tinker_density_hod,
   author = {{Tinker}, J.~L. and {Weinberg}, D.~H. and {Warren}, M.~S.},
    title = "{Cosmic Voids and Galaxy Bias in the Halo Occupation Framework}",
  journal = {\apj},
   eprint = {astro-ph/0603146},
 keywords = {Cosmology: Theory, Cosmology: Large-Scale Structure of Universe},
     year = 2006,
    month = aug,
   volume = 647,
    pages = {737-752},
      doi = {10.1086/504795},
   adsurl = {http://adsabs.harvard.edu/abs/2006ApJ...647..737T},
  adsnote = {Provided by the SAO/NASA Astrophysics Data System}
}


@ARTICLE{tinker_vpf_2008,
   author = {{Tinker}, J.~L. and {Conroy}, C. and {Norberg}, P. and {Patiri}, S.~G. and 
	{Weinberg}, D.~H. and {Warren}, M.~S.},
    title = "{Void Statistics in Large Galaxy Redshift Surveys: Does Halo Occupation of Field Galaxies Depend on Environment?}",
  journal = {\apj},
archivePrefix = "arXiv",
   eprint = {0707.3445},
 keywords = {cosmology: theory, galaxies: halos, large-scale structure of universe },
     year = 2008,
    month = oct,
   volume = 686,
      eid = {53-71},
    pages = {53-71},
      doi = {10.1086/589983},
   adsurl = {http://adsabs.harvard.edu/abs/2008ApJ...686...53T},
  adsnote = {Provided by the SAO/NASA Astrophysics Data System}
}


@article{tinker_void_2009,
   author = {{Tinker}, J.~L. and {Conroy}, C.},
    title = "{The Void Phenomenon Explained}",
  journal = {\apj},
archivePrefix = "arXiv",
   eprint = {0804.2475},
 keywords = {galaxies: halos, large-scale structure of universe},
     year = 2009,
    month = jan,
   volume = 691,
    pages = {633-639},
      doi = {10.1088/0004-637X/691/1/633},
   adsurl = {http://adsabs.harvard.edu/abs/2009ApJ...691..633T},
  adsnote = {Provided by the SAO/NASA Astrophysics Data System}
}


@article{blanton_group_2007,
   author = {{Blanton}, M.~R. and {Berlind}, A.~A.},
    title = "{What Aspects of Galaxy Environment Matter?}",
  journal = {\apj},
   eprint = {astro-ph/0608353},
 keywords = {Galaxies: Clusters: General, Galaxies: Fundamental Parameters, Galaxies: Statistics},
     year = 2007,
    month = aug,
   volume = 664,
    pages = {791-803},
      doi = {10.1086/512478},
   adsurl = {http://adsabs.harvard.edu/abs/2007ApJ...664..791B},
  adsnote = {Provided by the SAO/NASA Astrophysics Data System}
}

@ARTICLE{wang2013,
   author = {{Wang}, L. and {Weinmann}, S.~M. and {De Lucia}, G. and {Yang}, X.
	},
    title = "{Detection of galaxy assembly bias}",
  journal = {\mnras},
archivePrefix = "arXiv",
   eprint = {1305.0350},
 keywords = {galaxies: formation, galaxies: haloes},
     year = 2013,
    month = jul,
   volume = 433,
    pages = {515-520},
      doi = {10.1093/mnras/stt743},
   adsurl = {http://adsabs.harvard.edu/abs/2013MNRAS.433..515W},
  adsnote = {Provided by the SAO/NASA Astrophysics Data System}
}


@article{weinmann2006,
   author = {{Weinmann}, S.~M. and {van den Bosch}, F.~C. and {Yang}, X. and 
	{Mo}, H.~J.},
    title = "{Properties of galaxy groups in the Sloan Digital Sky Survey - I. The dependence of colour, star formation and morphology on halo mass}",
  journal = {\mnras},
   eprint = {astro-ph/0509147},
 keywords = {methods: statistical, galaxies: clusters: general, galaxies: evolution, galaxies: general, galaxies: haloes, galaxies: statistics},
     year = 2006,
    month = feb,
   volume = 366,
    pages = {2-28},
      doi = {10.1111/j.1365-2966.2005.09865.x},
   adsurl = {http://adsabs.harvard.edu/abs/2006MNRAS.366....2W},
  adsnote = {Provided by the SAO/NASA Astrophysics Data System}
}

@article{kauffmann2013,
   author = {{Kauffmann}, G. and {Li}, C. and {Zhang}, W. and {Weinmann}, S.
	},
    title = "{A re-examination of galactic conformity and a comparison with semi-analytic models of galaxy formation}",
  journal = {\mnras},
archivePrefix = "arXiv",
   eprint = {1209.3306},
 keywords = {galaxies: evolution, galaxies: haloes, galaxies: statistics},
     year = 2013,
    month = apr,
   volume = 430,
    pages = {1447-1456},
      doi = {10.1093/mnras/stt007},
   adsurl = {http://adsabs.harvard.edu/abs/2013MNRAS.430.1447K},
  adsnote = {Provided by the SAO/NASA Astrophysics Data System}
}

@ARTICLE{tinker2011,
   author = {{Tinker}, J. and {Wetzel}, A. and {Conroy}, C.},
    title = "{Are Halo and Galaxy Formation Histories Correlated?}",
  journal = {ArXiv e-prints},
archivePrefix = "arXiv",
   eprint = {1107.5046},
 primaryClass = "astro-ph.CO",
 keywords = {Astrophysics - Cosmology and Extragalactic Astrophysics},
     year = 2011,
    month = jul,
   adsurl = {http://adsabs.harvard.edu/abs/2011arXiv1107.5046T},
  adsnote = {Provided by the SAO/NASA Astrophysics Data System}
}

@ARTICLE{hearin_conformity2015,
   author = {{Hearin}, A.~P. and {Watson}, D.~F. and {van den Bosch}, F.~C.
	},
    title = "{Beyond halo mass: galactic conformity as a smoking gun of central galaxy assembly bias}",
  journal = {\mnras},
archivePrefix = "arXiv",
   eprint = {1404.6524},
 keywords = {galaxies: evolution, galaxies: haloes, cosmology: theory, dark matter, large-scale structure of Universe},
     year = 2015,
    month = sep,
   volume = 452,
    pages = {1958-1969},
      doi = {10.1093/mnras/stv1358},
   adsurl = {http://adsabs.harvard.edu/abs/2015MNRAS.452.1958H},
  adsnote = {Provided by the SAO/NASA Astrophysics Data System}
}


%%%%%% GMF %%%%%%%


@article{berlind2006,
   author = {{Berlind}, A.~A. and {Frieman}, J. and {Weinberg}, D.~H. and 
	{Blanton}, M.~R. and {Warren}, M.~S. and {Abazajian}, K. and 
	{Scranton}, R. and {Hogg}, D.~W. and {Scoccimarro}, R. and {Bahcall}, N.~A. and 
	{Brinkmann}, J. and {Gott}, III, J.~R. and {Kleinman}, S.~J. and 
	{Krzesinski}, J. and {Lee}, B.~C. and {Miller}, C.~J. and {Nitta}, A. and 
	{Schneider}, D.~P. and {Tucker}, D.~L. and {Zehavi}, I. and 
	{SDSS Collaboration}},
    title = "{Percolation Galaxy Groups and Clusters in the SDSS Redshift Survey: Identification, Catalogs, and the Multiplicity Function}",
  journal = {\apjs},
   eprint = {astro-ph/0601346},
 keywords = {Galaxies: Clusters: General, Cosmology: Large-Scale Structure of Universe},
     year = 2006,
    month = nov,
   volume = 167,
    pages = {1-25},
      doi = {10.1086/508170},
   adsurl = {http://adsabs.harvard.edu/abs/2006ApJS..167....1B},
  adsnote = {Provided by the SAO/NASA Astrophysics Data System}
}

@article{fof,
   author = {{Davis}, M. and {Efstathiou}, G. and {Frenk}, C.~S. and {White}, S.~D.~M.
	},
    title = "{The evolution of large-scale structure in a universe dominated by cold dark matter}",
  journal = {\apj},
 keywords = {Computational Astrophysics, Cosmology, Galactic Clusters, Galactic Evolution, Missing Mass (Astrophysics), Weak Interactions (Field Theory), Astronomical Models, Computerized Simulation, Correlation, Many Body Problem, Mass Distribution, Mass To Light Ratios, Matter (Physics), Radial Velocity, Red Shift},
     year = 1985,
    month = may,
   volume = 292,
    pages = {371-394},
      doi = {10.1086/163168},
   adsurl = {http://adsabs.harvard.edu/abs/1985ApJ...292..371D},
  adsnote = {Provided by the SAO/NASA Astrophysics Data System}
}

%%%%%%%EMCEE%%%%%%

@article{emcee,
   author = {{Foreman-Mackey}, D. and {Hogg}, D.~W. and {Lang}, D. and {Goodman}, J.
	},
    title = "{emcee: The MCMC Hammer}",
  journal = {\pasp},
archivePrefix = "arXiv",
   eprint = {1202.3665},
 primaryClass = "astro-ph.IM",
     year = 2013,
    month = mar,
   volume = 125,
    pages = {306-312},
      doi = {10.1086/670067},
   adsurl = {http://adsabs.harvard.edu/abs/2013PASP..125..306F},
  adsnote = {Provided by the SAO/NASA Astrophysics Data System}
}


%%%%%%INVERSE-COVARIANCE%%%%%

@article{hartlap2007,
   author = {{Hartlap}, J. and {Simon}, P. and {Schneider}, P.},
    title = "{Why your model parameter confidences might be too optimistic. Unbiased estimation of the inverse covariance matrix}",
  journal = {\aap},
   eprint = {astro-ph/0608064},
 keywords = {methods: analytical, methods: data analysis, gravitational lensing},
     year = 2007,
    month = mar,
   volume = 464,
    pages = {399-404},
      doi = {10.1051/0004-6361:20066170},
   adsurl = {http://adsabs.harvard.edu/abs/2007A%26A...464..399H},
  adsnote = {Provided by the SAO/NASA Astrophysics Data System}
}
%%%%%%%%%%%%%%%%%%%%%NFW%%%%%%%%%%%%%%%%%%
@article{nfw,
   author = {{Navarro}, J.~F. and {Hayashi}, E. and {Power}, C. and {Jenkins}, A.~R. and 
	{Frenk}, C.~S. and {White}, S.~D.~M. and {Springel}, V. and 
	{Stadel}, J. and {Quinn}, T.~R.},
    title = "{The inner structure of {$\Lambda$}CDM haloes - III. Universality and asymptotic slopes}",
  journal = {\mnras},
   eprint = {astro-ph/0311231},
 keywords = {gravitation, cosmology: theory, dark matter},
     year = 2004,
    month = apr,
   volume = 349,
    pages = {1039-1051},
      doi = {10.1111/j.1365-2966.2004.07586.x},
   adsurl = {http://adsabs.harvard.edu/abs/2004MNRAS.349.1039N},
  adsnote = {Provided by the SAO/NASA Astrophysics Data System}
 
}

@article{nfw_c(M),
   author = {{Dutton}, A.~A. and {Macci{\`o}}, A.~V.},
    title = "{Cold dark matter haloes in the Planck era: evolution of structural parameters for Einasto and NFW profiles}",
  journal = {\mnras},
archivePrefix = "arXiv",
   eprint = {1402.7073},
 keywords = {methods: numerical, galaxies: haloes, cosmology: theory, dark matter},
     year = 2014,
    month = jul,
   volume = 441,
    pages = {3359-3374},
      doi = {10.1093/mnras/stu742},
   adsurl = {http://adsabs.harvard.edu/abs/2014MNRAS.441.3359D},
  adsnote = {Provided by the SAO/NASA Astrophysics Data System}
}


@article{more2010,
   author = {{More}, S. and {van den Bosch}, F.~C. and {Cacciato}, M.},
    title = "{Satellite kinematics - I. A new method to constrain the halo mass-luminosity relation of central galaxies}",
  journal = {\mnras},
archivePrefix = "arXiv",
   eprint = {0807.4529},
 keywords = {methods: statistical , galaxies: fundamental parameters , galaxies: haloes , galaxies: kinematics and dynamics , galaxies: structure},
     year = 2009,
    month = jan,
   volume = 392,
    pages = {917-924},
      doi = {10.1111/j.1365-2966.2008.14114.x},
   adsurl = {http://adsabs.harvard.edu/abs/2009MNRAS.392..917M},
  adsnote = {Provided by the SAO/NASA Astrophysics Data System}
}

%%%%%%%%%%%%%fitting functions %%%%%%%%%%%%%


@ARTICLE{tinker08,
   author = {{Tinker}, J. and {Kravtsov}, A.~V. and {Klypin}, A. and {Abazajian}, K. and 
	{Warren}, M. and {Yepes}, G. and {Gottl{\"o}ber}, S. and {Holz}, D.~E.
	},
    title = "{Toward a Halo Mass Function for Precision Cosmology: The Limits of Universality}",
  journal = {\apj},
archivePrefix = "arXiv",
   eprint = {0803.2706},
 keywords = {cosmology: theory, large-scale structure of universe, methods: numerical},
     year = 2008,
    month = dec,
   volume = 688,
      eid = {709-728},
    pages = {709-728},
      doi = {10.1086/591439},
   adsurl = {http://adsabs.harvard.edu/abs/2008ApJ...688..709T},
  adsnote = {Provided by the SAO/NASA Astrophysics Data System}
}

@ARTICLE{tinker10,
   author = {{Tinker}, J.~L. and {Robertson}, B.~E. and {Kravtsov}, A.~V. and 
	{Klypin}, A. and {Warren}, M.~S. and {Yepes}, G. and {Gottl{\"o}ber}, S.
	},
    title = "{The Large-scale Bias of Dark Matter Halos: Numerical Calibration and Model Tests}",
  journal = {\apj},
archivePrefix = "arXiv",
   eprint = {1001.3162},
 keywords = {cosmology: theory, large-scale structure of universe, methods: numerical},
     year = 2010,
    month = dec,
   volume = 724,
    pages = {878-886},
      doi = {10.1088/0004-637X/724/2/878},
   adsurl = {http://adsabs.harvard.edu/abs/2010ApJ...724..878T},
  adsnote = {Provided by the SAO/NASA Astrophysics Data System}
}

@ARTICLE{lemson99,
   author = {{Lemson}, G. and {Kauffmann}, G.},
    title = "{Environmental influences on dark matter haloes and consequences for the galaxies within them}",
  journal = {\mnras},
     year = 1999,
    month = jan,
   volume = 302,
    pages = {111-117},
      doi = {10.1046/j.1365-8711.1999.02090.x},
   adsurl = {http://adsabs.harvard.edu/abs/1999MNRAS.302..111L},
  adsnote = {Provided by the SAO/NASA Astrophysics Data System}
}


@ARTICLE{watson13,
   author = {{Watson}, W.~A. and {Iliev}, I.~T. and {D'Aloisio}, A. and {Knebe}, A. and 
	{Shapiro}, P.~R. and {Yepes}, G.},
    title = "{The halo mass function through the cosmic ages}",
  journal = {\mnras},
archivePrefix = "arXiv",
   eprint = {1212.0095},
 keywords = {methods: numerical, galaxies: haloes, galaxies: high-redshift, cosmology: theory, dark matter, large-scale structure of Universe},
     year = 2013,
    month = aug,
   volume = 433,
    pages = {1230-1245},
      doi = {10.1093/mnras/stt791},
   adsurl = {http://adsabs.harvard.edu/abs/2013MNRAS.433.1230W},
  adsnote = {Provided by the SAO/NASA Astrophysics Data System}
}

%%%%%%%halo-finders%%%%%%%%%%%

@article{rockstar,
   author = {{Behroozi}, P.~S. and {Wechsler}, R.~H. and {Wu}, H.-Y.},
    title = "{The ROCKSTAR Phase-space Temporal Halo Finder and the Velocity Offsets of Cluster Cores}",
  journal = {\apj},
archivePrefix = "arXiv",
   eprint = {1110.4372},
 primaryClass = "astro-ph.CO",
 keywords = {dark matter, methods: numerical},
     year = 2013,
    month = jan,
   volume = 762,
      eid = {109},
    pages = {109},
      doi = {10.1088/0004-637X/762/2/109},
   adsurl = {http://adsabs.harvard.edu/abs/2013ApJ...762..109B},
  adsnote = {Provided by the SAO/NASA Astrophysics Data System}
}

@article{bdm,
   author = {{Klypin}, A. and {Holtzman}, J.},
    title = "{Particle-Mesh code for cosmological simulations}",
  journal = {ArXiv Astrophysics e-prints},
   eprint = {astro-ph/9712217},
 keywords = {Astrophysics},
     year = 1997,
    month = dec,
   adsurl = {http://adsabs.harvard.edu/abs/1997astro.ph.12217K},
  adsnote = {Provided by the SAO/NASA Astrophysics Data System}
}

@article{fofexample,
   author = {{Knebe}, A. and {Knollmann}, S.~R. and {Muldrew}, S.~I. and 
	{Pearce}, F.~R. and {Aragon-Calvo}, M.~A. and {Ascasibar}, Y. and 
	{Behroozi}, P.~S. and {Ceverino}, D. and {Colombi}, S. and {Diemand}, J. and 
	{Dolag}, K. and {Falck}, B.~L. and {Fasel}, P. and {Gardner}, J. and 
	{Gottl{\"o}ber}, S. and {Hsu}, C.-H. and {Iannuzzi}, F. and 
	{Klypin}, A. and {Luki{\'c}}, Z. and {Maciejewski}, M. and {McBride}, C. and 
	{Neyrinck}, M.~C. and {Planelles}, S. and {Potter}, D. and {Quilis}, V. and 
	{Rasera}, Y. and {Read}, J.~I. and {Ricker}, P.~M. and {Roy}, F. and 
	{Springel}, V. and {Stadel}, J. and {Stinson}, G. and {Sutter}, P.~M. and 
	{Turchaninov}, V. and {Tweed}, D. and {Yepes}, G. and {Zemp}, M.
	},
    title = "{Haloes gone MAD: The Halo-Finder Comparison Project}",
  journal = {\mnras},
archivePrefix = "arXiv",
   eprint = {1104.0949},
 keywords = {methods: numerical, galaxies: evolution, galaxies: haloes, cosmology: miscellaneous, cosmology: theory, dark matter},
     year = 2011,
    month = aug,
   volume = 415,
    pages = {2293-2318},
      doi = {10.1111/j.1365-2966.2011.18858.x},
   adsurl = {http://adsabs.harvard.edu/abs/2011MNRAS.415.2293K},
  adsnote = {Provided by the SAO/NASA Astrophysics Data System}
}

%%%%%%HOD EVOLUTION%%%%%%%


@article{leauthaud12,
   author = {{Leauthaud}, A. and {Tinker}, J. and {Bundy}, K. and {Behroozi}, P.~S. and 
	{Massey}, R. and {Rhodes}, J. and {George}, M.~R. and {Kneib}, J.-P. and 
	{Benson}, A. and {Wechsler}, R.~H. and {Busha}, M.~T. and {Capak}, P. and 
	{Cort{\^e}s}, M. and {Ilbert}, O. and {Koekemoer}, A.~M. and 
	{Le F{\`e}vre}, O. and {Lilly}, S. and {McCracken}, H.~J. and 
	{Salvato}, M. and {Schrabback}, T. and {Scoville}, N. and {Smith}, T. and 
	{Taylor}, J.~E.},
    title = "{New Constraints on the Evolution of the Stellar-to-dark Matter Connection: A Combined Analysis of Galaxy-Galaxy Lensing, Clustering, and Stellar Mass Functions from z = 0.2 to z =1}",
  journal = {\apj},
archivePrefix = "arXiv",
   eprint = {1104.0928},
 keywords = {dark matter, galaxies: evolution, galaxies: formation, galaxies: luminosity function, mass function, galaxies: stellar content, gravitational lensing: weak},
     year = 2012,
    month = jan,
   volume = 744,
      eid = {159},
    pages = {159},
      doi = {10.1088/0004-637X/744/2/159},
   adsurl = {http://adsabs.harvard.edu/abs/2012ApJ...744..159L},
  adsnote = {Provided by the SAO/NASA Astrophysics Data System}
}

@article{behroozi13,
   author = {{Behroozi}, P.~S. and {Wechsler}, R.~H. and {Conroy}, C.},
    title = "{The Average Star Formation Histories of Galaxies in Dark Matter Halos from z = 0-8}",
  journal = {\apj},
archivePrefix = "arXiv",
   eprint = {1207.6105},
 primaryClass = "astro-ph.CO",
 keywords = {dark matter, galaxies: abundances, galaxies: evolution, methods: numerical},
     year = 2013,
    month = jun,
   volume = 770,
      eid = {57},
    pages = {57},
      doi = {10.1088/0004-637X/770/1/57},
   adsurl = {http://adsabs.harvard.edu/abs/2013ApJ...770...57B},
  adsnote = {Provided by the SAO/NASA Astrophysics Data System}
}


%%%%%SIMULATIONS%%%%%%

@article{art,
   author = {{Kravtsov}, A.~V. and {Klypin}, A.~A. and {Khokhlov}, A.~M.},
    title = "{Adaptive Refinement Tree: A New High-Resolution N-Body Code for Cosmological Simulations}",
  journal = {\apjs},
   eprint = {astro-ph/9701195},
 keywords = {METHODS: NUMERICAL, COSMOLOGY: THEORY, COSMOLOGY: DARK MATTER, Methods: Numerical, Cosmology: Theory, Cosmology: Dark Matter},
     year = 1997,
    month = jul,
   volume = 111,
    pages = {73-94},
      doi = {10.1086/313015},
   adsurl = {http://adsabs.harvard.edu/abs/1997ApJS..111...73K},
  adsnote = {Provided by the SAO/NASA Astrophysics Data System}
}


@article{bolshoi,
   author = {{Klypin}, A.~A. and {Trujillo-Gomez}, S. and {Primack}, J.},
    title = "{Dark Matter Halos in the Standard Cosmological Model: Results from the Bolshoi Simulation}",
  journal = {\apj},
archivePrefix = "arXiv",
   eprint = {1002.3660},
 keywords = {cosmology: theory, large-scale structure of universe, methods: numerical},
     year = 2011,
    month = oct,
   volume = 740,
      eid = {102},
    pages = {102},
      doi = {10.1088/0004-637X/740/2/102},
   adsurl = {http://adsabs.harvard.edu/abs/2011ApJ...740..102K},
  adsnote = {Provided by the SAO/NASA Astrophysics Data System}
}

@article{multidark,
   author = {{Riebe}, K. and {Partl}, A.~M. and {Enke}, H. and {Forero-Romero}, J. and 
	{Gottloeber}, S. and {Klypin}, A. and {Lemson}, G. and {Prada}, F. and 
	{Primack}, J.~R. and {Steinmetz}, M. and {Turchaninov}, V.},
    title = "{The MultiDark Database: Release of the Bolshoi and MultiDark Cosmological Simulations}",
  journal = {ArXiv e-prints},
archivePrefix = "arXiv",
   eprint = {1109.0003},
 primaryClass = "astro-ph.CO",
 keywords = {Astrophysics - Cosmology and Extragalactic Astrophysics, Astrophysics - Instrumentation and Methods for Astrophysics, Computer Science - Databases},
     year = 2011,
    month = aug,
   adsurl = {http://adsabs.harvard.edu/abs/2011arXiv1109.0003R},
  adsnote = {Provided by the SAO/NASA Astrophysics Data System}
}

%%%%%%%AGE-MATCHING %%%%%%%%%%%%%%



%%%%%%%HOD+ASSEMBLY BIAS%%%%%%%%%%%

@ARTICLE{edHOD-weinberg,
   author = {{McEwen}, J.~E. and {Weinberg}, D.~H.},
    title = "{The effects of assembly bias on cosmological inference from galaxy-galaxy lensing and galaxy clusters}",
  journal = {ArXiv e-prints},
archivePrefix = "arXiv",
   eprint = {1601.02693},
 keywords = {Astrophysics - Cosmology and Nongalactic Astrophysics},
     year = 2016,
    month = jan,
   adsurl = {http://adsabs.harvard.edu/abs/2016arXiv160102693M},
  adsnote = {Provided by the SAO/NASA Astrophysics Data System}
}


@ARTICLE{edHOD-gillmartin,
   author = {{Gil-Mar{\'{\i}}n}, H. and {Jimenez}, R. and {Verde}, L.},
    title = "{A halo model with environment dependence: theoretical considerations}",
  journal = {\mnras},
archivePrefix = "arXiv",
   eprint = {1008.4583},
 keywords = {galaxies: haloes, cosmological parameters, cosmology: theory, large-scale structure of Universe},
     year = 2011,
    month = jun,
   volume = 414,
    pages = {1207-1226},
      doi = {10.1111/j.1365-2966.2011.18456.x},
   adsurl = {http://adsabs.harvard.edu/abs/2011MNRAS.414.1207G},
  adsnote = {Provided by the SAO/NASA Astrophysics Data System}
}

@ARTICLE{edHOD-tinker,
   author = {{Tinker}, J.~L. and {Conroy}, C. and {Norberg}, P. and {Patiri}, S.~G. and 
	{Weinberg}, D.~H. and {Warren}, M.~S.},
    title = "{Void Statistics in Large Galaxy Redshift Surveys: Does Halo Occupation of Field Galaxies Depend on Environment?}",
  journal = {\apj},
archivePrefix = "arXiv",
   eprint = {0707.3445},
 keywords = {cosmology: theory, galaxies: halos, large-scale structure of universe },
     year = 2008,
    month = oct,
   volume = 686,
      eid = {53-71},
    pages = {53-71},
      doi = {10.1086/589983},
   adsurl = {http://adsabs.harvard.edu/abs/2008ApJ...686...53T},
  adsnote = {Provided by the SAO/NASA Astrophysics Data System}
}

%%%%%%%%%%%%%%%CLF%%%%%%%%%%%%%%%%%%%%

@ARTICLE{clf,
   author = {{van den Bosch}, F.~C. and {Yang}, X. and {Mo}, H.~J. and {Weinmann}, S.~M. and 
	{Macci{\`o}}, A.~V. and {More}, S. and {Cacciato}, M. and {Skibba}, R. and 
	{Kang}, X.},
    title = "{Towards a concordant model of halo occupation statistics}",
  journal = {\mnras},
   eprint = {astro-ph/0610686},
 keywords = {methods: statistical, galaxies: formation, galaxies: fundamental parameters, galaxies: haloes, cosmological parameters, dark matter},
     year = 2007,
    month = apr,
   volume = 376,
    pages = {841-860},
      doi = {10.1111/j.1365-2966.2007.11493.x},
   adsurl = {http://adsabs.harvard.edu/abs/2007MNRAS.376..841V},
  adsnote = {Provided by the SAO/NASA Astrophysics Data System}
}

%%%%%%%%%%%%%%%%%%%HOD EVOLUTION%%%%%%%%%%%%%%%%%%%%%%%%%%%%

%%%%%%HOD EVOLUTION%%%%%%%

@article{conroy09,
   author = {{Conroy}, C. and {Wechsler}, R.~H.},
    title = "{Connecting Galaxies, Halos, and Star Formation Rates Across Cosmic Time}",
  journal = {\apj},
archivePrefix = "arXiv",
   eprint = {0805.3346},
 keywords = {cosmology: theory, dark matter, galaxies: formation, galaxies: halos, large-scale structure of universe},
     year = 2009,
    month = may,
   volume = 696,
    pages = {620-635},
      doi = {10.1088/0004-637X/696/1/620},
   adsurl = {http://adsabs.harvard.edu/abs/2009ApJ...696..620C},
  adsnote = {Provided by the SAO/NASA Astrophysics Data System}
}

@article{leauthaud12,
   author = {{Leauthaud}, A. and {Tinker}, J. and {Bundy}, K. and {Behroozi}, P.~S. and 
	{Massey}, R. and {Rhodes}, J. and {George}, M.~R. and {Kneib}, J.-P. and 
	{Benson}, A. and {Wechsler}, R.~H. and {Busha}, M.~T. and {Capak}, P. and 
	{Cort{\^e}s}, M. and {Ilbert}, O. and {Koekemoer}, A.~M. and 
	{Le F{\`e}vre}, O. and {Lilly}, S. and {McCracken}, H.~J. and 
	{Salvato}, M. and {Schrabback}, T. and {Scoville}, N. and {Smith}, T. and 
	{Taylor}, J.~E.},
    title = "{New Constraints on the Evolution of the Stellar-to-dark Matter Connection: A Combined Analysis of Galaxy-Galaxy Lensing, Clustering, and Stellar Mass Functions from z = 0.2 to z =1}",
  journal = {\apj},
archivePrefix = "arXiv",
   eprint = {1104.0928},
 keywords = {dark matter, galaxies: evolution, galaxies: formation, galaxies: luminosity function, mass function, galaxies: stellar content, gravitational lensing: weak},
     year = 2012,
    month = jan,
   volume = 744,
      eid = {159},
    pages = {159},
      doi = {10.1088/0004-637X/744/2/159},
   adsurl = {http://adsabs.harvard.edu/abs/2012ApJ...744..159L},
  adsnote = {Provided by the SAO/NASA Astrophysics Data System}
}

@article{behroozi13,
   author = {{Behroozi}, P.~S. and {Wechsler}, R.~H. and {Conroy}, C.},
    title = "{The Average Star Formation Histories of Galaxies in Dark Matter Halos from z = 0-8}",
  journal = {\apj},
archivePrefix = "arXiv",
   eprint = {1207.6105},
 primaryClass = "astro-ph.CO",
 keywords = {dark matter, galaxies: abundances, galaxies: evolution, methods: numerical},
     year = 2013,
    month = jun,
   volume = 770,
      eid = {57},
    pages = {57},
      doi = {10.1088/0004-637X/770/1/57},
   adsurl = {http://adsabs.harvard.edu/abs/2013ApJ...770...57B},
  adsnote = {Provided by the SAO/NASA Astrophysics Data System}
}

@ARTICLE{hudson2015,
   author = {{Hudson}, M.~J. and {Gillis}, B.~R. and {Coupon}, J. and {Hildebrandt}, H. and 
	{Erben}, T. and {Heymans}, C. and {Hoekstra}, H. and {Kitching}, T.~D. and 
	{Mellier}, Y. and {Miller}, L. and {Van Waerbeke}, L. and {Bonnett}, C. and 
	{Fu}, L. and {Kuijken}, K. and {Rowe}, B. and {Schrabback}, T. and 
	{Semboloni}, E. and {van Uitert}, E. and {Velander}, M.},
    title = "{CFHTLenS: co-evolution of galaxies and their dark matter haloes}",
  journal = {\mnras},
archivePrefix = "arXiv",
   eprint = {1310.6784},
 keywords = {gravitational lensing: weak, galaxies: haloes, cosmology: observations, dark matter},
     year = 2015,
    month = feb,
   volume = 447,
    pages = {298-314},
      doi = {10.1093/mnras/stu2367},
   adsurl = {http://adsabs.harvard.edu/abs/2015MNRAS.447..298H},
  adsnote = {Provided by the SAO/NASA Astrophysics Data System}
}

@ARTICLE{coupon2015,
   author = {{Coupon}, J. and {Arnouts}, S. and {van Waerbeke}, L. and {Moutard}, T. and 
	{Ilbert}, O. and {van Uitert}, E. and {Erben}, T. and {Garilli}, B. and 
	{Guzzo}, L. and {Heymans}, C. and {Hildebrandt}, H. and {Hoekstra}, H. and 
	{Kilbinger}, M. and {Kitching}, T. and {Mellier}, Y. and {Miller}, L. and 
	{Scodeggio}, M. and {Bonnett}, C. and {Branchini}, E. and {Davidzon}, I. and 
	{De Lucia}, G. and {Fritz}, A. and {Fu}, L. and {Hudelot}, P. and 
	{Hudson}, M.~J. and {Kuijken}, K. and {Leauthaud}, A. and {Le F{\`e}vre}, O. and 
	{McCracken}, H.~J. and {Moscardini}, L. and {Rowe}, B.~T.~P. and 
	{Schrabback}, T. and {Semboloni}, E. and {Velander}, M.},
    title = "{The galaxy-halo connection from a joint lensing, clustering and abundance analysis in the CFHTLenS/VIPERS field}",
  journal = {\mnras},
archivePrefix = "arXiv",
   eprint = {1502.02867},
 keywords = {gravitational lensing: weak, galaxies: clusters: general, cosmology: observations, dark matter},
     year = 2015,
    month = may,
   volume = 449,
    pages = {1352-1379},
      doi = {10.1093/mnras/stv276},
   adsurl = {http://adsabs.harvard.edu/abs/2015MNRAS.449.1352C},
  adsnote = {Provided by the SAO/NASA Astrophysics Data System}
}



@ARTICLE{zu2015,
   author = {{Zu}, Y. and {Mandelbaum}, R.},
    title = "{Mapping stellar content to dark matter haloes using galaxy clustering and galaxy-galaxy lensing in the SDSS DR7}",
  journal = {\mnras},
archivePrefix = "arXiv",
   eprint = {1505.02781},
 keywords = {gravitational lensing: weak, methods: statistical, galaxies: luminosity function, mass function, cosmology: observations, large-scale structure of Universe},
     year = 2015,
    month = dec,
   volume = 454,
    pages = {1161-1191},
      doi = {10.1093/mnras/stv2062},
   adsurl = {http://adsabs.harvard.edu/abs/2015MNRAS.454.1161Z},
  adsnote = {Provided by the SAO/NASA Astrophysics Data System}
}


@ARTICLE{zu2016,
   author = {{Zu}, Y. and {Mandelbaum}, R.},
    title = "{Mapping stellar content to dark matter haloes - II. Halo mass is the main driver of galaxy quenching}",
  journal = {\mnras},
archivePrefix = "arXiv",
   eprint = {1509.06758},
 keywords = {gravitational lensing: weak, methods: statistical, galaxies: luminosity function, mass function, cosmology: observations, large-scale structure of Universe},
     year = 2016,
    month = apr,
   volume = 457,
    pages = {4360-4383},
      doi = {10.1093/mnras/stw221},
   adsurl = {http://adsabs.harvard.edu/abs/2016MNRAS.457.4360Z},
  adsnote = {Provided by the SAO/NASA Astrophysics Data System}
}




%%%%%%%%%%%%%%%%% GUO METHODS%%%%%%%%%%%%%
@ARTICLE{guo2012,
   author = {{Guo}, H. and {Zehavi}, I. and {Zheng}, Z.},
    title = "{A New Method to Correct for Fiber Collisions in Galaxy Two-point Statistics}",
  journal = {\apj},
archivePrefix = "arXiv",
   eprint = {1111.6598},
 primaryClass = "astro-ph.CO",
 keywords = {cosmology: observations, cosmology: theory, galaxies: distances and redshifts, galaxies: halos, galaxies: statistics, large-scale structure of Universe},
     year = 2012,
    month = sep,
   volume = 756,
      eid = {127},
    pages = {127},
      doi = {10.1088/0004-637X/756/2/127},
   adsurl = {http://adsabs.harvard.edu/abs/2012ApJ...756..127G},
  adsnote = {Provided by the SAO/NASA Astrophysics Data System}
}

%%%%%%%%%%%%MCMC%%%%%%%%%%%%%%%%

@article{grtest,
  title={Inference from iterative simulation using multiple sequences},
  author={Gelman, Andrew and Rubin, Donald B},
  journal={Statistical science},
  pages={457--472},
  year={1992},
  publisher={JSTOR}
}

@article{goodmanweare,
  title={Ensemble samplers with affine invariance},
  author={Goodman, Jonathan and Weare, Jonathan},
  journal={Communications in applied mathematics and computational science},
  volume={5},
  number={1},
  pages={65--80},
  year={2010},
  publisher={Mathematical Sciences Publishers}
}

@article{corner,
    Author = {Daniel Foreman-Mackey},
    Doi = {10.21105/joss.00024},
    Title = {corner.py: Scatterplot matrices in Python},
    Journal = {The Journal of Open Source Software},
    Year = 2016,
    Volume = 24,
    Url = {http://dx.doi.org/10.5281/zenodo.45906}
}

@misc{corrfunc,
    author       = {Manodeep Sinha},
    title        = {Corrfunc: Corrfunc-1.1.0},
    month        = jun,
    year         = 2016,
    doi          = {10.5281/zenodo.55161},
    url          = {http://dx.doi.org/10.5281/zenodo.55161}
}

@ARTICLE{halotools,
   author = {{Hearin}, A. and {Campbell}, D. and {Tollerud}, E. and {Behroozi}, P. and 
	{Diemer}, B. and {Goldbaum}, N.~J. and {Jennings}, E. and {Leauthaud}, A. and 
	{Mao}, Y.-Y. and {More}, S. and {Parejko}, J. and {Sinha}, M. and 
	{Sipocz}, B. and {Zentner}, A.},
    title = "{High-Precision Forward Modeling of Large-Scale Structure: An open-source approach with Halotools}",
  journal = {ArXiv e-prints},
archivePrefix = "arXiv",
   eprint = {1606.04106},
 primaryClass = "astro-ph.IM",
 keywords = {Astrophysics - Instrumentation and Methods for Astrophysics, Astrophysics - Cosmology and Nongalactic Astrophysics, Astrophysics - Astrophysics of Galaxies},
     year = 2016,
    month = jun,
   adsurl = {http://adsabs.harvard.edu/abs/2016arXiv160604106H},
  adsnote = {Provided by the SAO/NASA Astrophysics Data System}
}

@ARTICLE{decorated,
   author = {{Hearin}, A.~P. and {Zentner}, A.~R. and {van den Bosch}, F.~C. and 
	{Campbell}, D. and {Tollerud}, E.},
    title = "{Introducing Decorated HODs: modeling assembly bias in the galaxy-halo connection}",
  journal = {\mnras},
archivePrefix = "arXiv",
   eprint = {1512.03050},
 keywords = {cosmology: theory, dark matter, galaxies: halos, galaxies: evolution, galaxies: clustering, large-scale structure of universe},
     year = 2016,
    month = may,
      doi = {10.1093/mnras/stw840},
   adsurl = {http://adsabs.harvard.edu/abs/2016MNRAS.tmp..820H},
  adsnote = {Provided by the SAO/NASA Astrophysics Data System}
}


%%%%%% Information Criteria %%%%%%%

@article{aic,
   author = {{Akaike}, H.},
    title = "{A New Look at the Statistical Model Identification}",
  journal = {IEEE Transactions on Automatic Control},
 keywords = {MAXIMUM ENTROPY, POWER SPECTRA},
     year = 1974,
   volume = 19,
    pages = {716-723},
   adsurl = {http://adsabs.harvard.edu/abs/1974ITAC...19..716A},
  adsnote = {Provided by the SAO/NASA Astrophysics Data System}
}

@ARTICLE{bic,
   author = {{Schwarz}, G.},
    title = "{Estimating the Dimension of a Model}",
  journal = {Annals of Statistics},
     year = 1978,
    month = jul,
   volume = 6,
    pages = {461-464},
   adsurl = {http://adsabs.harvard.edu/abs/1978AnSta...6..461S},
  adsnote = {Provided by the SAO/NASA Astrophysics Data System}
}

@article{gelmanic,
  title={Understanding predictive information criteria for Bayesian models},
  author={Gelman, Andrew and Hwang, Jessica and Vehtari, Aki},
  journal={Statistics and Computing},
  volume={24},
  number={6},
  pages={997--1016},
  year={2014},
  publisher={Springer}
}

@article{mcewen2016,
   author = {{McEwen}, J.~E. and {Weinberg}, D.~H.},
    title = "{The effects of assembly bias on cosmological inference from galaxy-galaxy lensing and galaxy clusters}",
  journal = {ArXiv e-prints},
archivePrefix = "arXiv",
   eprint = {1601.02693},
 keywords = {Astrophysics - Cosmology and Nongalactic Astrophysics},
     year = 2016,
    month = jan,
   adsurl = {http://adsabs.harvard.edu/abs/2016arXiv160102693M},
  adsnote = {Provided by the SAO/NASA Astrophysics Data System}
}

@ARTICLE{manera2013,
   author = {{Manera}, M. and {Scoccimarro}, R. and {Percival}, W.~J. and 
	{Samushia}, L. and {McBride}, C.~K. and {Ross}, A.~J. and {Sheth}, R.~K. and 
	{White}, M. and {Reid}, B.~A. and {S{\'a}nchez}, A.~G. and {de Putter}, R. and 
	{Xu}, X. and {Berlind}, A.~A. and {Brinkmann}, J. and {Maraston}, C. and 
	{Nichol}, B. and {Montesano}, F. and {Padmanabhan}, N. and {Skibba}, R.~A. and 
	{Tojeiro}, R. and {Weaver}, B.~A.},
    title = "{The clustering of galaxies in the SDSS-III Baryon Oscillation Spectroscopic Survey: a large sample of mock galaxy catalogues}",
  journal = {\mnras},
archivePrefix = "arXiv",
   eprint = {1203.6609},
 keywords = {galaxies: haloes, large-scale structure of Universe},
     year = 2013,
    month = jan,
   volume = 428,
    pages = {1036-1054},
      doi = {10.1093/mnras/sts084},
   adsurl = {http://adsabs.harvard.edu/abs/2013MNRAS.428.1036M},
  adsnote = {Provided by the SAO/NASA Astrophysics Data System}
}

@ARTICLE{white2014,
   author = {{White}, M. and {Tinker}, J.~L. and {McBride}, C.~K.},
    title = "{Mock galaxy catalogues using the quick particle mesh method}",
  journal = {\mnras},
archivePrefix = "arXiv",
   eprint = {1309.5532},
 keywords = {galaxies: haloes, galaxies: statistics, cosmological parameters, large-scale structure of Universe},
     year = 2014,
    month = jan,
   volume = 437,
    pages = {2594-2606},
      doi = {10.1093/mnras/stt2071},
   adsurl = {http://adsabs.harvard.edu/abs/2014MNRAS.437.2594W},
  adsnote = {Provided by the SAO/NASA Astrophysics Data System}
}

@ARTICLE{parejko2013,
   author = {{Parejko}, J.~K. and {Sunayama}, T. and {Padmanabhan}, N. and 
	{Wake}, D.~A. and {Berlind}, A.~A. and {Bizyaev}, D. and {Blanton}, M. and 
	{Bolton}, A.~S. and {van den Bosch}, F. and {Brinkmann}, J. and 
	{Brownstein}, J.~R. and {da Costa}, L.~A.~N. and {Eisenstein}, D.~J. and 
	{Guo}, H. and {Kazin}, E. and {Maia}, M. and {Malanushenko}, E. and 
	{Maraston}, C. and {McBride}, C.~K. and {Nichol}, R.~C. and 
	{Oravetz}, D.~J. and {Pan}, K. and {Percival}, W.~J. and {Prada}, F. and 
	{Ross}, A.~J. and {Ross}, N.~P. and {Schlegel}, D.~J. and {Schneider}, D. and 
	{Simmons}, A.~E. and {Skibba}, R. and {Tinker}, J. and {Tojeiro}, R. and 
	{Weaver}, B.~A. and {Wetzel}, A. and {White}, M. and {Weinberg}, D.~H. and 
	{Thomas}, D. and {Zehavi}, I. and {Zheng}, Z.},
    title = "{The clustering of galaxies in the SDSS-III Baryon Oscillation Spectroscopic Survey: the low-redshift sample}",
  journal = {\mnras},
archivePrefix = "arXiv",
   eprint = {1211.3976},
 keywords = {large-scale structure of Universe, galaxies: haloes, galaxies: evolution, galaxies: statistics, surveys},
     year = 2013,
    month = feb,
   volume = 429,
    pages = {98-112},
      doi = {10.1093/mnras/sts314},
   adsurl = {http://adsabs.harvard.edu/abs/2013MNRAS.429...98P},
  adsnote = {Provided by the SAO/NASA Astrophysics Data System}
}

@article{Blanton2005,
	Abstract = {Here we present the New York University Value-Added Galaxy Catalog (NYU-VAGC), a catalog of local galaxies (mostly below z~0.3) based on a set of publicly released surveys matched to the Sloan Digital Sky Survey (SDSS) Data Release 2. The photometric catalog consists of 693,319 galaxies, QSOs, and stars; 343,568 of these have redshift determinations, mostly from the SDSS. Excluding areas masked by bright stars, the photometric sample covers 3514 deg2, and the spectroscopic sample covers 2627 deg2 (with about 85% completeness). Earlier, proprietary versions of this catalog have formed the basis of many SDSS investigations of the power spectrum, correlation function, and luminosity function of galaxies. Future releases will follow future public releases of the SDSS. The catalog includes matches to the Two Micron All Sky Survey Point Source Catalog and Extended Source Catalog, the IRAS Point Source Catalog Redshift Survey, the Two-Degree Field Galaxy Redshift Survey, the Third Reference Catalogue of Bright Galaxies, and the Faint Images of the Radio Sky at Twenty cm survey. We calculate and compile derived quantities from the images and spectra of the galaxies in the catalogs (for example, K-corrections and structural parameters for the galaxies). The SDSS catalog presented here is photometrically calibrated in a more consistent way than that distributed by the SDSS Data Release 2 Archive Servers and is thus more appropriate for large-scale structure statistics, reducing systematic calibration errors across the sky from ~2% to ~1%. We include an explicit description of the geometry of the catalog, including all imaging and targeting information as a function of sky position. Finally, we have performed eyeball quality checks on a large number of objects in the catalog in order to flag errors (such as errors in deblending). This catalog is complementary to the SDSS Archive Servers in that NYU-VAGC's calibration, geometric description, and conveniently small size are specifically designed for studying galaxy properties and large-scale structure statistics using the SDSS spectroscopic catalog.  Center for Cosmology and Particle Physics, Department of Physics, New York University, 4 Washington Place, New York, NY 10003.},
	Adsnote = {Provided by the SAO/NASA Astrophysics Data System},
	Adsurl = {http://adsabs.harvard.edu/abs/2005AJ....129.2562B},
	Arxivurl = {http://arXiv.org/abs/astro-ph/0410166},
	Author = {{Blanton}, M.~R. and {Schlegel}, D.~J. and {Strauss}, M.~A. and {Brinkmann}, J. and {Finkbeiner}, D. and {Fukugita}, M. and {Gunn}, J.~E. and {Hogg}, D.~W. and {Ivezi{\'c}}, {\v Z}. and {Knapp}, G.~R. and {Lupton}, R.~H. and {Munn}, J.~A. and {Schneider}, D.~P. and {Tegmark}, M. and {Zehavi}, I.},
	Date-Added = {2016-04-19 16:19:05 +0000},
	Date-Modified = {2016-04-19 16:19:05 +0000},
	Doi = {10.1086/429803},
	Eprint = {astro-ph/0410166},
	Journal = {\aj},
	Keywords = {Galaxies: Distances and Redshifts, Galaxies: Photometry, Galaxies: Statistics},
	Month = jun,
	Pages = {2562-2578},
	Title = {{New York University Value-Added Galaxy Catalog: A Galaxy Catalog Based on New Public Surveys}},
	Volume = 129,
	Year = 2005,
	Bdsk-File-1 = {YnBsaXN0MDDUAQIDBAUGJCVYJHZlcnNpb25YJG9iamVjdHNZJGFyY2hpdmVyVCR0b3ASAAGGoKgHCBMUFRYaIVUkbnVsbNMJCgsMDxJXTlMua2V5c1pOUy5vYmplY3RzViRjbGFzc6INDoACgAOiEBGABIAFgAdccmVsYXRpdmVQYXRoWWFsaWFzRGF0YV8QKy4uLy4uLy4uLy4uL0Ryb3Bib3gvUGFwZXJzL0JsYW50b25fMjAwNS5wZGbSFwsYGVdOUy5kYXRhTxEBcgAAAAABcgACAAADU1NEAAAAAAAAAAAAAAAAAAAAAAAAAAAAAAAAzMveBUgrAAAAyjCsEEJsYW50b25fMjAwNS5wZGYAAAAAAAAAAAAAAAAAAAAAAAAAAAAAAAAAAAAAAAAAAAAAAAAAAAAAAAAAAAAAAADKMW/O9FpNAAAAAAAAAAAABAADAAAJIAAAAAAAAAAAAAAAAAAAAAZQYXBlcnMAEAAIAADMzCRVAAAAEQAIAADO9KCdAAAAAQAQAMowrACYq7MAl7OTAAIOrQACADJTU0Q6VXNlcnM6AGhhaG46AERyb3Bib3g6AFBhcGVyczoAQmxhbnRvbl8yMDA1LnBkZgAOACIAEABCAGwAYQBuAHQAbwBuAF8AMgAwADAANQAuAHAAZABmAA8ACAADAFMAUwBEABIAKlVzZXJzL2hhaG4vRHJvcGJveC9QYXBlcnMvQmxhbnRvbl8yMDA1LnBkZgATAAEvAAAVAAIAC///AACABtIbHB0eWiRjbGFzc25hbWVYJGNsYXNzZXNdTlNNdXRhYmxlRGF0YaMdHyBWTlNEYXRhWE5TT2JqZWN00hscIiNcTlNEaWN0aW9uYXJ5oiIgXxAPTlNLZXllZEFyY2hpdmVy0SYnVHJvb3SAAQAIABEAGgAjAC0AMgA3AEAARgBNAFUAYABnAGoAbABuAHEAcwB1AHcAhACOALwAwQDJAj8CQQJGAlECWgJoAmwCcwJ8AoECjgKRAqMCpgKrAAAAAAAAAgEAAAAAAAAAKAAAAAAAAAAAAAAAAAAAAq0=},
	Bdsk-Url-1 = {http://dx.doi.org/10.1086/429803},
	Bdsk-Url-2 = {http://arXiv.org/abs/astro-ph/0410166},
	Bdsk-Url-3 = {http://adsabs.harvard.edu/abs/2005AJ....129.2562B}}

@ARTICLE{campbell2015,
   author = {{Campbell}, D. and {van den Bosch}, F.~C. and {Hearin}, A. and 
	{Padmanabhan}, N. and {Berlind}, A. and {Mo}, H.~J. and {Tinker}, J. and 
	{Yang}, X.},
    title = "{Assessing colour-dependent occupation statistics inferred from galaxy group catalogues}",
  journal = {\mnras},
archivePrefix = "arXiv",
   eprint = {1505.04798},
 keywords = {methods: statistical, galaxies: clusters: general, galaxies: evolution, galaxies: haloes, galaxies: statistics},
     year = 2015,
    month = sep,
   volume = 452,
    pages = {444-469},
      doi = {10.1093/mnras/stv1091},
   adsurl = {http://adsabs.harvard.edu/abs/2015MNRAS.452..444C},
  adsnote = {Provided by the SAO/NASA Astrophysics Data System}
}

@ARTICLE{tinker2013,
   author = {{Tinker}, J.~L. and {Leauthaud}, A. and {Bundy}, K. and {George}, M.~R. and 
	{Behroozi}, P. and {Massey}, R. and {Rhodes}, J. and {Wechsler}, R.~H.
	},
    title = "{Evolution of the Stellar-to-dark Matter Relation: Separating Star-forming and Passive Galaxies from z = 1 to 0}",
  journal = {\apj},
archivePrefix = "arXiv",
   eprint = {1308.2974},
 keywords = {cosmology: observations, galaxies: evolution, galaxies: halos},
     year = 2013,
    month = dec,
   volume = 778,
      eid = {93},
    pages = {93},
      doi = {10.1088/0004-637X/778/2/93},
   adsurl = {http://adsabs.harvard.edu/abs/2013ApJ...778...93T},
  adsnote = {Provided by the SAO/NASA Astrophysics Data System}
}

@ARTICLE{bolshoi2016,
   author = {{Klypin}, A. and {Yepes}, G. and {Gottl{\"o}ber}, S. and {Prada}, F. and 
	{He{\ss}}, S.},
    title = "{MultiDark simulations: the story of dark matter halo concentrations and density profiles}",
  journal = {\mnras},
archivePrefix = "arXiv",
   eprint = {1411.4001},
 keywords = {methods: numerical, galaxies: haloes, dark matter},
     year = 2016,
    month = apr,
   volume = 457,
    pages = {4340-4359},
      doi = {10.1093/mnras/stw248},
   adsurl = {http://adsabs.harvard.edu/abs/2016MNRAS.457.4340K},
  adsnote = {Provided by the SAO/NASA Astrophysics Data System}
}

@ARTICLE{wetzel2010,
   author = {{Wetzel}, A.~R. and {White}, M.},
    title = "{What determines satellite galaxy disruption?}",
  journal = {\mnras},
archivePrefix = "arXiv",
   eprint = {0907.0702},
 keywords = {methods: N-body simulations, galaxies: haloes, galaxies: interactions, cosmology: theory},
     year = 2010,
    month = apr,
   volume = 403,
    pages = {1072-1088},
      doi = {10.1111/j.1365-2966.2009.16191.x},
   adsurl = {http://adsabs.harvard.edu/abs/2010MNRAS.403.1072W},
  adsnote = {Provided by the SAO/NASA Astrophysics Data System}
}

@ARTICLE{paranjape2012,
   author = {{Paranjape}, A. and {Sheth}, R.~K.},
    title = "{The luminosities of the brightest cluster galaxies and brightest satellites in SDSS groups}",
  journal = {\mnras},
archivePrefix = "arXiv",
   eprint = {1107.3652},
 primaryClass = "astro-ph.CO",
 keywords = {galaxies: luminosity function, mass function},
     year = 2012,
    month = jun,
   volume = 423,
    pages = {1845-1855},
      doi = {10.1111/j.1365-2966.2012.21008.x},
   adsurl = {http://adsabs.harvard.edu/abs/2012MNRAS.423.1845P},
  adsnote = {Provided by the SAO/NASA Astrophysics Data System}
}

@ARTICLE{abazajian2009,
   author = {{Abazajian}, K.~N. and {Adelman-McCarthy}, J.~K. and {Ag{\"u}eros}, M.~A. and 
	{Allam}, S.~S. and {Allende Prieto}, C. and {An}, D. and {Anderson}, K.~S.~J. and 
	{Anderson}, S.~F. and {Annis}, J. and {Bahcall}, N.~A. and et al.},
    title = "{The Seventh Data Release of the Sloan Digital Sky Survey}",
  journal = {\apjs},
archivePrefix = "arXiv",
   eprint = {0812.0649},
 keywords = {atlases, catalogs, surveys},
     year = 2009,
    month = jun,
   volume = 182,
      eid = {543-558},
    pages = {543-558},
      doi = {10.1088/0067-0049/182/2/543},
   adsurl = {http://adsabs.harvard.edu/abs/2009ApJS..182..543A},
  adsnote = {Provided by the SAO/NASA Astrophysics Data System}
}

@article{hartlap2007,
   author = {{Hartlap}, J. and {Simon}, P. and {Schneider}, P.},
    title = "{Why your model parameter confidences might be too optimistic. Unbiased estimation of the inverse covariance matrix}",
  journal = {\aap},
   eprint = {astro-ph/0608064},
 keywords = {methods: analytical, methods: data analysis, gravitational lensing},
     year = 2007,
    month = mar,
   volume = 464,
    pages = {399-404},
      doi = {10.1051/0004-6361:20066170},
   adsurl = {http://adsabs.harvard.edu/abs/2007A%26A...464..399H},
  adsnote = {Provided by the SAO/NASA Astrophysics Data System}
}

@ARTICLE{boss,
   author = {{Dawson}, K.~S. and {Schlegel}, D.~J. and {Ahn}, C.~P. and {Anderson}, S.~F. and 
	{Aubourg}, {\'E}. and {Bailey}, S. and {Barkhouser}, R.~H. and 
	{Bautista}, J.~E. and {Beifiori}, A. and {Berlind}, A.~A. and 
	{Bhardwaj}, V. and {Bizyaev}, D. and {Blake}, C.~H. and {Blanton}, M.~R. and 
	{Blomqvist}, M. and {Bolton}, A.~S. and {Borde}, A. and {Bovy}, J. and 
	{Brandt}, W.~N. and {Brewington}, H. and {Brinkmann}, J. and 
	{Brown}, P.~J. and {Brownstein}, J.~R. and {Bundy}, K. and {Busca}, N.~G. and 
	{Carithers}, W. and {Carnero}, A.~R. and {Carr}, M.~A. and {Chen}, Y. and 
	{Comparat}, J. and {Connolly}, N. and {Cope}, F. and {Croft}, R.~A.~C. and 
	{Cuesta}, A.~J. and {da Costa}, L.~N. and {Davenport}, J.~R.~A. and 
	{Delubac}, T. and {de Putter}, R. and {Dhital}, S. and {Ealet}, A. and 
	{Ebelke}, G.~L. and {Eisenstein}, D.~J. and {Escoffier}, S. and 
	{Fan}, X. and {Filiz Ak}, N. and {Finley}, H. and {Font-Ribera}, A. and 
	{G{\'e}nova-Santos}, R. and {Gunn}, J.~E. and {Guo}, H. and 
	{Haggard}, D. and {Hall}, P.~B. and {Hamilton}, J.-C. and {Harris}, B. and 
	{Harris}, D.~W. and {Ho}, S. and {Hogg}, D.~W. and {Holder}, D. and 
	{Honscheid}, K. and {Huehnerhoff}, J. and {Jordan}, B. and {Jordan}, W.~P. and 
	{Kauffmann}, G. and {Kazin}, E.~A. and {Kirkby}, D. and {Klaene}, M.~A. and 
	{Kneib}, J.-P. and {Le Goff}, J.-M. and {Lee}, K.-G. and {Long}, D.~C. and 
	{Loomis}, C.~P. and {Lundgren}, B. and {Lupton}, R.~H. and {Maia}, M.~A.~G. and 
	{Makler}, M. and {Malanushenko}, E. and {Malanushenko}, V. and 
	{Mandelbaum}, R. and {Manera}, M. and {Maraston}, C. and {Margala}, D. and 
	{Masters}, K.~L. and {McBride}, C.~K. and {McDonald}, P. and 
	{McGreer}, I.~D. and {McMahon}, R.~G. and {Mena}, O. and {Miralda-Escud{\'e}}, J. and 
	{Montero-Dorta}, A.~D. and {Montesano}, F. and {Muna}, D. and 
	{Myers}, A.~D. and {Naugle}, T. and {Nichol}, R.~C. and {Noterdaeme}, P. and 
	{Nuza}, S.~E. and {Olmstead}, M.~D. and {Oravetz}, A. and {Oravetz}, D.~J. and 
	{Owen}, R. and {Padmanabhan}, N. and {Palanque-Delabrouille}, N. and 
	{Pan}, K. and {Parejko}, J.~K. and {P{\^a}ris}, I. and {Percival}, W.~J. and 
	{P{\'e}rez-Fournon}, I. and {P{\'e}rez-R{\`a}fols}, I. and {Petitjean}, P. and 
	{Pfaffenberger}, R. and {Pforr}, J. and {Pieri}, M.~M. and {Prada}, F. and 
	{Price-Whelan}, A.~M. and {Raddick}, M.~J. and {Rebolo}, R. and 
	{Rich}, J. and {Richards}, G.~T. and {Rockosi}, C.~M. and {Roe}, N.~A. and 
	{Ross}, A.~J. and {Ross}, N.~P. and {Rossi}, G. and {Rubi{\~n}o-Martin}, J.~A. and 
	{Samushia}, L. and {S{\'a}nchez}, A.~G. and {Sayres}, C. and 
	{Schmidt}, S.~J. and {Schneider}, D.~P. and {Sc{\'o}ccola}, C.~G. and 
	{Seo}, H.-J. and {Shelden}, A. and {Sheldon}, E. and {Shen}, Y. and 
	{Shu}, Y. and {Slosar}, A. and {Smee}, S.~A. and {Snedden}, S.~A. and 
	{Stauffer}, F. and {Steele}, O. and {Strauss}, M.~A. and {Streblyanska}, A. and 
	{Suzuki}, N. and {Swanson}, M.~E.~C. and {Tal}, T. and {Tanaka}, M. and 
	{Thomas}, D. and {Tinker}, J.~L. and {Tojeiro}, R. and {Tremonti}, C.~A. and 
	{Vargas Maga{\~n}a}, M. and {Verde}, L. and {Viel}, M. and {Wake}, D.~A. and 
	{Watson}, M. and {Weaver}, B.~A. and {Weinberg}, D.~H. and {Weiner}, B.~J. and 
	{West}, A.~A. and {White}, M. and {Wood-Vasey}, W.~M. and {Yeche}, C. and 
	{Zehavi}, I. and {Zhao}, G.-B. and {Zheng}, Z.},
    title = "{The Baryon Oscillation Spectroscopic Survey of SDSS-III}",
  journal = {\aj},
archivePrefix = "arXiv",
   eprint = {1208.0022},
 keywords = {cosmology: observations, surveys},
     year = 2013,
    month = jan,
   volume = 145,
      eid = {10},
    pages = {10},
      doi = {10.1088/0004-6256/145/1/10},
   adsurl = {http://adsabs.harvard.edu/abs/2013AJ....145...10D},
  adsnote = {Provided by the SAO/NASA Astrophysics Data System}
}

@ARTICLE{smallmultidark,
   author = {{Klypin}, A. and {Yepes}, G. and {Gottl{\"o}ber}, S. and {Prada}, F. and 
	{He{\ss}}, S.},
    title = "{MultiDark simulations: the story of dark matter halo concentrations and density profiles}",
  journal = {\mnras},
archivePrefix = "arXiv",
   eprint = {1411.4001},
 keywords = {methods: numerical, galaxies: haloes, dark matter},
     year = 2016,
    month = apr,
   volume = 457,
    pages = {4340-4359},
      doi = {10.1093/mnras/stw248},
   adsurl = {http://adsabs.harvard.edu/abs/2016MNRAS.457.4340K},
  adsnote = {Provided by the SAO/NASA Astrophysics Data System}
}

@ARTICLE{halodemographic,
   author = {{Rodr{\'{\i}}guez-Puebla}, A. and {Behroozi}, P. and {Primack}, J. and 
	{Klypin}, A. and {Lee}, C. and {Hellinger}, D.},
    title = "{Halo and subhalo demographics with Planck cosmological parameters: Bolshoi-Planck and MultiDark-Planck simulations}",
  journal = {\mnras},
archivePrefix = "arXiv",
   eprint = {1602.04813},
 keywords = {methods: numerical, galaxies: haloes, dark matter},
     year = 2016,
    month = oct,
   volume = 462,
    pages = {893-916},
      doi = {10.1093/mnras/stw1705},
   adsurl = {http://adsabs.harvard.edu/abs/2016MNRAS.462..893R},
  adsnote = {Provided by the SAO/NASA Astrophysics Data System}
}



@ARTICLE{2016arXiv160701782H,
   author = {{Hahn}, C. and {Vakili}, M. and {Walsh}, K. and {Hearin}, A.~P. and 
	{Hogg}, D.~W. and {Cambpell}, D.},
    title = "{Approximate Bayesian Computation in Large Scale Structure: constraining the galaxy-halo connection}",
  journal = {ArXiv e-prints},
archivePrefix = "arXiv",
   eprint = {1607.01782},
 keywords = {Astrophysics - Cosmology and Nongalactic Astrophysics},
     year = 2016,
    month = jul,
   adsurl = {http://adsabs.harvard.edu/abs/2016arXiv160701782H},
  adsnote = {Provided by the SAO/NASA Astrophysics Data System}
}


@ARTICLE{zheng_guo,
   author = {{Zheng}, Z. and {Guo}, H.},
    title = "{Accurate and efficient halo-based galaxy clustering modelling with simulations}",
  journal = {\mnras},
archivePrefix = "arXiv",
   eprint = {1506.07523},
 keywords = {galaxies: distances and redshifts, galaxies: haloes, galaxies: statistics, cosmology: observations, cosmology: theory, large-scale structure of Universe},
     year = 2016,
    month = jun,
   volume = 458,
    pages = {4015-4024},
      doi = {10.1093/mnras/stw523},
   adsurl = {http://adsabs.harvard.edu/abs/2016MNRAS.458.4015Z},
  adsnote = {Provided by the SAO/NASA Astrophysics Data System}
}


@ARTICLE{norberg,
   author = {{Norberg}, P. and {Baugh}, C.~M. and {Gazta{\~n}aga}, E. and 
	{Croton}, D.~J.},
    title = "{Statistical analysis of galaxy surveys - I. Robust error estimation for two-point clustering statistics}",
  journal = {\mnras},
archivePrefix = "arXiv",
   eprint = {0810.1885},
 keywords = {galaxies: statistics , cosmology: theory , large-scale structure of Universe},
     year = 2009,
    month = jun,
   volume = 396,
    pages = {19-38},
      doi = {10.1111/j.1365-2966.2009.14389.x},
   adsurl = {http://adsabs.harvard.edu/abs/2009MNRAS.396...19N},
  adsnote = {Provided by the SAO/NASA Astrophysics Data System}
}

@ARTICLE{prada2012,
   author = {{Prada}, F. and {Klypin}, A.~A. and {Cuesta}, A.~J. and {Betancort-Rijo}, J.~E. and 
	{Primack}, J.},
    title = "{Halo concentrations in the standard {$\Lambda$} cold dark matter cosmology}",
  journal = {\mnras},
archivePrefix = "arXiv",
   eprint = {1104.5130},
 keywords = {galaxies: haloes, cosmology: theory, dark matter},
     year = 2012,
    month = jul,
   volume = 423,
    pages = {3018-3030},
      doi = {10.1111/j.1365-2966.2012.21007.x},
   adsurl = {http://adsabs.harvard.edu/abs/2012MNRAS.423.3018P},
  adsnote = {Provided by the SAO/NASA Astrophysics Data System}
}

@ARTICLE{vmax_potential,
   author = {{van den Bosch}, F.~C. and {Jiang}, F. and {Hearin}, A. and 
	{Campbell}, D. and {Watson}, D. and {Padmanabhan}, N.},
    title = "{Coming of age in the dark sector: how dark matter haloes grow their gravitational potential wells}",
  journal = {\mnras},
archivePrefix = "arXiv",
   eprint = {1409.2750},
 keywords = {methods: analytical, methods: statistical, galaxies: formation, galaxies: haloes, cosmology: theory, dark matter},
     year = 2014,
    month = dec,
   volume = 445,
    pages = {1713-1730},
      doi = {10.1093/mnras/stu1872},
   adsurl = {http://adsabs.harvard.edu/abs/2014MNRAS.445.1713V},
  adsnote = {Provided by the SAO/NASA Astrophysics Data System}
}


@ARTICLE{zentner2005,
   author = {{Zentner}, A.~R. and {Berlind}, A.~A. and {Bullock}, J.~S. and 
	{Kravtsov}, A.~V. and {Wechsler}, R.~H.},
    title = "{The Physics of Galaxy Clustering. I. A Model for Subhalo Populations}",
  journal = {\apj},
   eprint = {astro-ph/0411586},
 keywords = {Cosmology: Theory, Cosmology: Dark Matter, Galaxies: Formation, Galaxies: Halos, Galaxies: Structure, Cosmology: Large-Scale Structure of Universe},
     year = 2005,
    month = may,
   volume = 624,
    pages = {505-525},
      doi = {10.1086/428898},
   adsurl = {http://adsabs.harvard.edu/abs/2005ApJ...624..505Z},
  adsnote = {Provided by the SAO/NASA Astrophysics Data System}
}

@ARTICLE{zentner2016,
   author = {{Zentner}, A.~R. and {Hearin}, A. and {van den Bosch}, F.~C. and 
	{Lange}, J.~U. and {Villarreal}, A.},
    title = "{Constraints on Assembly Bias from Galaxy Clustering}",
  journal = {ArXiv e-prints},
archivePrefix = "arXiv",
   eprint = {1606.07817},
 keywords = {Astrophysics - Astrophysics of Galaxies},
     year = 2016,
    month = jun,
   adsurl = {http://adsabs.harvard.edu/abs/2016arXiv160607817Z},
  adsnote = {Provided by the SAO/NASA Astrophysics Data System}
}

@ARTICLE{blanton2003,
   author = {{Blanton}, M.~R. and {Hogg}, D.~W. and {Bahcall}, N.~A. and 
	{Brinkmann}, J. and {Britton}, M. and {Connolly}, A.~J. and 
	{Csabai}, I. and {Fukugita}, M. and {Loveday}, J. and {Meiksin}, A. and 
	{Munn}, J.~A. and {Nichol}, R.~C. and {Okamura}, S. and {Quinn}, T. and 
	{Schneider}, D.~P. and {Shimasaku}, K. and {Strauss}, M.~A. and 
	{Tegmark}, M. and {Vogeley}, M.~S. and {Weinberg}, D.~H.},
    title = "{The Galaxy Luminosity Function and Luminosity Density at Redshift z = 0.1}",
  journal = {\apj},
   eprint = {astro-ph/0210215},
 keywords = {Galaxies: Luminosity Function, Mass Function, Galaxies: Statistics},
     year = 2003,
    month = aug,
   volume = 592,
    pages = {819-838},
      doi = {10.1086/375776},
   adsurl = {http://adsabs.harvard.edu/abs/2003ApJ...592..819B},
  adsnote = {Provided by the SAO/NASA Astrophysics Data System}
}


@ARTICLE{Klypin2011,
   author = {{Klypin}, A.~A. and {Trujillo-Gomez}, S. and {Primack}, J.},
    title = "{Dark Matter Halos in the Standard Cosmological Model: Results from the Bolshoi Simulation}",
  journal = {\apj},
archivePrefix = "arXiv",
   eprint = {1002.3660},
 keywords = {cosmology: theory, large-scale structure of universe, methods: numerical},
     year = 2011,
    month = oct,
   volume = 740,
      eid = {102},
    pages = {102},
      doi = {10.1088/0004-637X/740/2/102},
   adsurl = {http://adsabs.harvard.edu/abs/2011ApJ...740..102K},
  adsnote = {Provided by the SAO/NASA Astrophysics Data System}
}

@article{art,
   author = {{Kravtsov}, A.~V. and {Klypin}, A.~A. and {Khokhlov}, A.~M.},
    title = "{Adaptive Refinement Tree: A New High-Resolution N-Body Code for Cosmological Simulations}",
  journal = {\apjs},
   eprint = {astro-ph/9701195},
 keywords = {METHODS: NUMERICAL, COSMOLOGY: THEORY, COSMOLOGY: DARK MATTER, Methods: Numerical, Cosmology: Theory, Cosmology: Dark Matter},
     year = 1997,
    month = jul,
   volume = 111,
    pages = {73-94},
      doi = {10.1086/313015},
   adsurl = {http://adsabs.harvard.edu/abs/1997ApJS..111...73K},
  adsnote = {Provided by the SAO/NASA Astrophysics Data System}
}
